%% This BibTeX bibliography file was created using BibDesk.
%% http://bibdesk.sourceforge.net/


%% Created for Willem Heijltjes at 2013-10-07 22:34:13 +0200 


%% Saved with string encoding Unicode (UTF-8) 



@inproceedings{Brunnler-Tiu-2001,
	Author = {Kai Br{\"u}nnler and Alwen Tiu},
	Booktitle = {LPAR},
	Date-Added = {2013-08-08 09:29:53 +0000},
	Date-Modified = {2013-08-08 09:29:53 +0000},
	Keywords = {deep inference, classical logic},
	Pages = {347--361},
	Series = {LNCS},
	Title = {A local system for classical logic},
	Volume = {2250},
	Year = {2001},
	Bdsk-File-1 = {YnBsaXN0MDDUAQIDBAUGJCVYJHZlcnNpb25YJG9iamVjdHNZJGFyY2hpdmVyVCR0b3ASAAGGoKgHCBMUFRYaIVUkbnVsbNMJCgsMDxJXTlMua2V5c1pOUy5vYmplY3RzViRjbGFzc6INDoACgAOiEBGABIAFgAdccmVsYXRpdmVQYXRoWWFsaWFzRGF0YW8QTwAuAC4ALwAuAC4ALwAuAC4ALwBEAG8AYwB1AG0AZQBuAHQAcwAvAFAAYQBwAGUAcgBzAC8AQgByAHUDCABuAG4AbABlAHIALwAyADAAMAAxAC0AYQAgAGwAbwBjAGEAbAAgAHMAeQBzAHQAZQBtACAAZgBvAHIAIABjAGwAYQBzAHMAaQBjAGEAbAAgAGwAbwBnAGkAYwAuAHAAZABm0hcLGBlXTlMuZGF0YU8RAhAAAAAAAhAAAgAADE1hY2ludG9zaCBIRAAAAAAAAAAAAAAAAAAAAM3JFUpIKwAAAAZMWB8yMDAxLWEgbG9jYWwgc3lzdGVtIGYjNjUwMUIucGRmAAAAAAAAAAAAAAAAAAAAAAAAAAAAAAAAAAAAAAAAAAAABlAbzZct9FBERiBDQVJPAAMABAAACSAAAAAAAAAAAAAAAAAAAAAIQnKfbm5sZXIAEAAIAADNyPkqAAAAEQAIAADNlxHUAAAAAQAUAAZMWAAGTBIABcGGAAXBhQACEikAAgBYTWFjaW50b3NoIEhEOlVzZXJzOgBXaWxsZW06AERvY3VtZW50czoAUGFwZXJzOgBCcp9ubmxlcjoAMjAwMS1hIGxvY2FsIHN5c3RlbSBmIzY1MDFCLnBkZgAOAFgAKwAyADAAMAAxAC0AYQAgAGwAbwBjAGEAbAAgAHMAeQBzAHQAZQBtACAAZgBvAHIAIABjAGwAYQBzAHMAaQBjAGEAbAAgAGwAbwBnAGkAYwAuAHAAZABmAA8AGgAMAE0AYQBjAGkAbgB0AG8AcwBoACAASABEABIAVFVzZXJzL1dpbGxlbS9Eb2N1bWVudHMvUGFwZXJzL0JydcyIbm5sZXIvMjAwMS1hIGxvY2FsIHN5c3RlbSBmb3IgY2xhc3NpY2FsIGxvZ2ljLnBkZgATAAEvAAAVAAIADf//AACABtIbHB0eWiRjbGFzc25hbWVYJGNsYXNzZXNdTlNNdXRhYmxlRGF0YaMdHyBWTlNEYXRhWE5TT2JqZWN00hscIiNcTlNEaWN0aW9uYXJ5oiIgXxAPTlNLZXllZEFyY2hpdmVy0SYnVHJvb3SAAQAIABEAGgAjAC0AMgA3AEAARgBNAFUAYABnAGoAbABuAHEAcwB1AHcAhACOAS8BNAE8A1ADUgNXA2IDawN5A30DhAONA5IDnwOiA7QDtwO8AAAAAAAAAgEAAAAAAAAAKAAAAAAAAAAAAAAAAAAAA74=}}

@inproceedings{Gundersen-Heijltjes-Parigot-2013-JFLA,
	Author = {Tom Gundersen and Willem Heijltjes and Michel Parigot},
	Booktitle = {Journ{\'e}es Francophones des Langages Applicatifs},
	Date-Added = {2013-04-15 13:46:58 +0000},
	Date-Modified = {2013-10-07 20:34:13 +0000},
	Keywords = {lambda-calculus, explicit sharing, sharing graphs},
	Title = {Un lambda-calcul atomique},
	Year = {2013}}

@book{Krivine-1993,
	Address = {Chichester, UK},
	Author = {Jean-Louis Krivine},
	Date-Added = {2013-04-15 13:44:07 +0000},
	Date-Modified = {2013-04-15 13:44:07 +0000},
	Keywords = {lambda-calculus, strong normalisation, intersection types},
	Publisher = {Ellis Horwood},
	Title = {Lambda-calculus types and models},
	Year = {1993},
	Bdsk-File-1 = {YnBsaXN0MDDUAQIDBAUGJCVYJHZlcnNpb25YJG9iamVjdHNZJGFyY2hpdmVyVCR0b3ASAAGGoKgHCBMUFRYaIVUkbnVsbNMJCgsMDxJXTlMua2V5c1pOUy5vYmplY3RzViRjbGFzc6INDoACgAOiEBGABIAFgAdccmVsYXRpdmVQYXRoWWFsaWFzRGF0YV8QSy4uLy4uLy4uL0RvY3VtZW50cy9QYXBlcnMva3JpdmluZS8xOTkzLWxhbWJkYS1jYWxjdWx1cyB0eXBlcyBhbmQgbW9kZWxzLnBkZtIXCxgZV05TLmRhdGFPEQIIAAAAAAIIAAIAAAxNYWNpbnRvc2ggSEQAAAAAAAAAAAAAAAAAAADNyRVKSCsAAAAGTPwfMTk5My1sYW1iZGEtY2FsY3VsdXMgIzY0RUY2LnBkZgAAAAAAAAAAAAAAAAAAAAAAAAAAAAAAAAAAAAAAAAAAAAZO9s2Rz19QREYgQ0FSTwADAAQAAAkgAAAAAAAAAAAAAAAAAAAAB2tyaXZpbmUAABAACAAAzcj5KgAAABEACAAAzZGzPwAAAAEAFAAGTPwABkwSAAXBhgAFwYUAAhIpAAIAV01hY2ludG9zaCBIRDpVc2VyczoAV2lsbGVtOgBEb2N1bWVudHM6AFBhcGVyczoAa3JpdmluZToAMTk5My1sYW1iZGEtY2FsY3VsdXMgIzY0RUY2LnBkZgAADgBUACkAMQA5ADkAMwAtAGwAYQBtAGIAZABhAC0AYwBhAGwAYwB1AGwAdQBzACAAdAB5AHAAZQBzACAAYQBuAGQAIABtAG8AZABlAGwAcwAuAHAAZABmAA8AGgAMAE0AYQBjAGkAbgB0AG8AcwBoACAASABEABIAT1VzZXJzL1dpbGxlbS9Eb2N1bWVudHMvUGFwZXJzL2tyaXZpbmUvMTk5My1sYW1iZGEtY2FsY3VsdXMgdHlwZXMgYW5kIG1vZGVscy5wZGYAABMAAS8AABUAAgAN//8AAIAG0hscHR5aJGNsYXNzbmFtZVgkY2xhc3Nlc11OU011dGFibGVEYXRhox0fIFZOU0RhdGFYTlNPYmplY3TSGxwiI1xOU0RpY3Rpb25hcnmiIiBfEA9OU0tleWVkQXJjaGl2ZXLRJidUcm9vdIABAAgAEQAaACMALQAyADcAQABGAE0AVQBgAGcAagBsAG4AcQBzAHUAdwCEAI4A3ADhAOkC9QL3AvwDBwMQAx4DIgMpAzIDNwNEA0cDWQNcA2EAAAAAAAACAQAAAAAAAAAoAAAAAAAAAAAAAAAAAAADYw==}}

@book{ProofsAndTypes,
	Author = {Jean-Yves Girard and Yves Lafont and Paul Taylor},
	Date-Added = {2013-04-15 13:34:35 +0000},
	Date-Modified = {2013-04-15 13:34:35 +0000},
	Publisher = {Cambridge University Press},
	Title = {Proofs and Types},
	Year = {1989}}

@inproceedings{Dougherty-Lescanne-2001,
	Author = {D. Dougherty and P. Lescanne},
	Booktitle = {TLCA},
	Date-Added = {2013-04-15 13:25:18 +0000},
	Date-Modified = {2013-04-15 13:25:18 +0000},
	Keywords = {lambda-calculus, explicit substitution, strong normalisation},
	Pages = {121--135},
	Series = {LNCS},
	Title = {Reductions, intersection types and explicit substitutions},
	Volume = {2044},
	Year = {2001}}

@article{DiCosmo-Kesner-Polonovski-2003,
	Author = {Di Cosmo, Roberto and Delia Kesner and Emmanuel Polonovski},
	Date-Added = {2013-04-15 13:01:49 +0000},
	Date-Modified = {2013-04-15 13:01:49 +0000},
	Journal = {MSCS},
	Keywords = {lambda-calculus, explicit substitution, proof nets},
	Title = {Proof Nets and Explicit Substitutions},
	Year = {2003},
	Bdsk-File-1 = {YnBsaXN0MDDUAQIDBAUGJCVYJHZlcnNpb25YJG9iamVjdHNZJGFyY2hpdmVyVCR0b3ASAAGGoKgHCBMUFRYaIVUkbnVsbNMJCgsMDxJXTlMua2V5c1pOUy5vYmplY3RzViRjbGFzc6INDoACgAOiEBGABIAFgAdccmVsYXRpdmVQYXRoWWFsaWFzRGF0YV8QUS4uLy4uLy4uL0RvY3VtZW50cy9QYXBlcnMvZGkgY29zbW8vMjAwMy1wcm9vZiBuZXRzIGFuZCBleHBsaWNpdCBzdWJzdGl0dXRpb25zLnBkZtIXCxgZV05TLmRhdGFPEQIYAAAAAAIYAAIAAAxNYWNpbnRvc2ggSEQAAAAAAAAAAAAAAAAAAADNyRVKSCsAAAAGTIcfMjAwMy1wcm9vZiBuZXRzIGFuZCBlIzY0RkM2LnBkZgAAAAAAAAAAAAAAAAAAAAAAAAAAAAAAAAAAAAAAAAAAAAZPxsvHIfkAAAAAAAAAAAADAAQAAAkgAAAAAAAAAAAAAAAAAAAACGRpIGNvc21vABAACAAAzcj5KgAAABEACAAAy8cF2QAAAAEAFAAGTIcABkwSAAXBhgAFwYUAAhIpAAIAWE1hY2ludG9zaCBIRDpVc2VyczoAV2lsbGVtOgBEb2N1bWVudHM6AFBhcGVyczoAZGkgY29zbW86ADIwMDMtcHJvb2YgbmV0cyBhbmQgZSM2NEZDNi5wZGYADgBeAC4AMgAwADAAMwAtAHAAcgBvAG8AZgAgAG4AZQB0AHMAIABhAG4AZAAgAGUAeABwAGwAaQBjAGkAdAAgAHMAdQBiAHMAdABpAHQAdQB0AGkAbwBuAHMALgBwAGQAZgAPABoADABNAGEAYwBpAG4AdABvAHMAaAAgAEgARAASAFVVc2Vycy9XaWxsZW0vRG9jdW1lbnRzL1BhcGVycy9kaSBjb3Ntby8yMDAzLXByb29mIG5ldHMgYW5kIGV4cGxpY2l0IHN1YnN0aXR1dGlvbnMucGRmAAATAAEvAAAVAAIADf//AACABtIbHB0eWiRjbGFzc25hbWVYJGNsYXNzZXNdTlNNdXRhYmxlRGF0YaMdHyBWTlNEYXRhWE5TT2JqZWN00hscIiNcTlNEaWN0aW9uYXJ5oiIgXxAPTlNLZXllZEFyY2hpdmVy0SYnVHJvb3SAAQAIABEAGgAjAC0AMgA3AEAARgBNAFUAYABnAGoAbABuAHEAcwB1AHcAhACOAOIA5wDvAwsDDQMSAx0DJgM0AzgDPwNIA00DWgNdA28DcgN3AAAAAAAAAgEAAAAAAAAAKAAAAAAAAAAAAAAAAAAAA3k=}}

@article{David-Guillaume-2001,
	Author = {Rene David and Bruno Guillaume},
	Date-Added = {2013-04-15 12:55:42 +0000},
	Date-Modified = {2013-04-15 12:55:42 +0000},
	Journal = {MSCS},
	Keywords = {lambda-calculus, explicit substitution},
	Number = {1},
	Pages = {169--206},
	Title = {A $\lambda$-calculus with explicit weakening and explicit substitution},
	Volume = {11},
	Year = {2001},
	Bdsk-File-1 = {YnBsaXN0MDDUAQIDBAUGJCVYJHZlcnNpb25YJG9iamVjdHNZJGFyY2hpdmVyVCR0b3ASAAGGoKgHCBMUFRYaIVUkbnVsbNMJCgsMDxJXTlMua2V5c1pOUy5vYmplY3RzViRjbGFzc6INDoACgAOiEBGABIAFgAdccmVsYXRpdmVQYXRoWWFsaWFzRGF0YV8Qby4uLy4uLy4uL0RvY3VtZW50cy9QYXBlcnMvRGF2aWQvMjAwMS1hICRcbGFtYmRhJC1jYWxjdWx1cyB3aXRoIGV4cGxpY2l0IHdlYWtlbmluZyBhbmQgZXhwbGljaXQgc3Vic3RpdHV0aW9uLnBkZtIXCxgZV05TLmRhdGFPEQJ0AAAAAAJ0AAIAAAxNYWNpbnRvc2ggSEQAAAAAAAAAAAAAAAAAAADNyRVKSCsAAAAGTH0fMjAwMS1hICRcbGFtYmRhJC1jYWxjIzY0RkQ2LnBkZgAAAAAAAAAAAAAAAAAAAAAAAAAAAAAAAAAAAAAAAAAAAAZP1s2RxNtQREYgQ0FSTwADAAQAAAkgAAAAAAAAAAAAAAAAAAAABURhdmlkAAAQAAgAAM3I+SoAAAARAAgAAM2RqLsAAAABABQABkx9AAZMEgAFwYYABcGFAAISKQACAFVNYWNpbnRvc2ggSEQ6VXNlcnM6AFdpbGxlbToARG9jdW1lbnRzOgBQYXBlcnM6AERhdmlkOgAyMDAxLWEgJFxsYW1iZGEkLWNhbGMjNjRGRDYucGRmAAAOAKAATwAyADAAMAAxAC0AYQAgACQAXABsAGEAbQBiAGQAYQAkAC0AYwBhAGwAYwB1AGwAdQBzACAAdwBpAHQAaAAgAGUAeABwAGwAaQBjAGkAdAAgAHcAZQBhAGsAZQBuAGkAbgBnACAAYQBuAGQAIABlAHgAcABsAGkAYwBpAHQAIABzAHUAYgBzAHQAaQB0AHUAdABpAG8AbgAuAHAAZABmAA8AGgAMAE0AYQBjAGkAbgB0AG8AcwBoACAASABEABIAc1VzZXJzL1dpbGxlbS9Eb2N1bWVudHMvUGFwZXJzL0RhdmlkLzIwMDEtYSAkXGxhbWJkYSQtY2FsY3VsdXMgd2l0aCBleHBsaWNpdCB3ZWFrZW5pbmcgYW5kIGV4cGxpY2l0IHN1YnN0aXR1dGlvbi5wZGYAABMAAS8AABUAAgAN//8AAIAG0hscHR5aJGNsYXNzbmFtZVgkY2xhc3Nlc11OU011dGFibGVEYXRhox0fIFZOU0RhdGFYTlNPYmplY3TSGxwiI1xOU0RpY3Rpb25hcnmiIiBfEA9OU0tleWVkQXJjaGl2ZXLRJidUcm9vdIABAAgAEQAaACMALQAyADcAQABGAE0AVQBgAGcAagBsAG4AcQBzAHUAdwCEAI4BAAEFAQ0DhQOHA4wDlwOgA64DsgO5A8IDxwPUA9cD6QPsA/EAAAAAAAACAQAAAAAAAAAoAAAAAAAAAAAAAAAAAAAD8w==}}

@unpublished{Ghilezan-Ivetic-Lescanne-Likavec-2011,
	Author = {Silvia Ghilezan and J. Ivet{\'\i}c and P. Lescanne and S. Likavec},
	Date-Added = {2013-04-15 12:48:08 +0000},
	Date-Modified = {2013-04-15 12:48:08 +0000},
	Keywords = {lambda-calculus, explicit substitution, intersection types},
	Note = {arXiv:1112.3455},
	Title = {A journey through resource control lambda calculi and explicit substitution using intersection types},
	Year = {2011},
	Bdsk-File-1 = {YnBsaXN0MDDUAQIDBAUGJCVYJHZlcnNpb25YJG9iamVjdHNZJGFyY2hpdmVyVCR0b3ASAAGGoKgHCBMUFRYaIVUkbnVsbNMJCgsMDxJXTlMua2V5c1pOUy5vYmplY3RzViRjbGFzc6INDoACgAOiEBGABIAFgAdccmVsYXRpdmVQYXRoWWFsaWFzRGF0YV8QkC4uLy4uLy4uL0RvY3VtZW50cy9QYXBlcnMvZ2hpbGV6YW4vMjAxMi1hIGpvdXJuZXkgdGhyb3VnaCByZXNvdXJjZSBjb250cm9sIGxhbWJkYSBjYWxjdWxpIGFuZCBleHBsaWNpdCBzdWJzdGl0dXRpb24gdXNpbmcgaW50ZXJzZWN0aW9uIHR5cGVzLnBkZtIXCxgZV05TLmRhdGFPEQLUAAAAAALUAAIAAAxNYWNpbnRvc2ggSEQAAAAAAAAAAAAAAAAAAADNyRVKSCsAAAAGTLYfMjAxMi1hIGpvdXJuZXkgdGhyb3VnIzY0RjhDLnBkZgAAAAAAAAAAAAAAAAAAAAAAAAAAAAAAAAAAAAAAAAAAAAZPjMvHJH4AAAAAAAAAAAADAAQAAAkgAAAAAAAAAAAAAAAAAAAACGdoaWxlemFuABAACAAAzcj5KgAAABEACAAAy8cIXgAAAAEAFAAGTLYABkwSAAXBhgAFwYUAAhIpAAIAWE1hY2ludG9zaCBIRDpVc2VyczoAV2lsbGVtOgBEb2N1bWVudHM6AFBhcGVyczoAZ2hpbGV6YW46ADIwMTItYSBqb3VybmV5IHRocm91ZyM2NEY4Qy5wZGYADgDcAG0AMgAwADEAMgAtAGEAIABqAG8AdQByAG4AZQB5ACAAdABoAHIAbwB1AGcAaAAgAHIAZQBzAG8AdQByAGMAZQAgAGMAbwBuAHQAcgBvAGwAIABsAGEAbQBiAGQAYQAgAGMAYQBsAGMAdQBsAGkAIABhAG4AZAAgAGUAeABwAGwAaQBjAGkAdAAgAHMAdQBiAHMAdABpAHQAdQB0AGkAbwBuACAAdQBzAGkAbgBnACAAaQBuAHQAZQByAHMAZQBjAHQAaQBvAG4AIAB0AHkAcABlAHMALgBwAGQAZgAPABoADABNAGEAYwBpAG4AdABvAHMAaAAgAEgARAASAJRVc2Vycy9XaWxsZW0vRG9jdW1lbnRzL1BhcGVycy9naGlsZXphbi8yMDEyLWEgam91cm5leSB0aHJvdWdoIHJlc291cmNlIGNvbnRyb2wgbGFtYmRhIGNhbGN1bGkgYW5kIGV4cGxpY2l0IHN1YnN0aXR1dGlvbiB1c2luZyBpbnRlcnNlY3Rpb24gdHlwZXMucGRmABMAAS8AABUAAgAN//8AAIAG0hscHR5aJGNsYXNzbmFtZVgkY2xhc3Nlc11OU011dGFibGVEYXRhox0fIFZOU0RhdGFYTlNPYmplY3TSGxwiI1xOU0RpY3Rpb25hcnmiIiBfEA9OU0tleWVkQXJjaGl2ZXLRJidUcm9vdIABAAgAEQAaACMALQAyADcAQABGAE0AVQBgAGcAagBsAG4AcQBzAHUAdwCEAI4BIQEmAS4EBgQIBA0EGAQhBC8EMwQ6BEMESARVBFgEagRtBHIAAAAAAAACAQAAAAAAAAAoAAAAAAAAAAAAAAAAAAAEdA==}}

@inproceedings{Ariola-Felleisen-Maraist-Odersky-Wadler-1995,
	Author = {Ariola, Zena M. and Matthias Felleisen and John Maraist and Martin Odersky and Philip Wadler},
	Booktitle = {POPL},
	Date-Added = {2013-04-15 12:30:48 +0000},
	Date-Modified = {2013-04-15 12:30:48 +0000},
	Keywords = {lambda-calculus, explicit sharing, reduction strategies},
	Title = {A Call-By-Need Lambda Calculus},
	Year = {1995},
	Bdsk-File-1 = {YnBsaXN0MDDUAQIDBAUGJCVYJHZlcnNpb25YJG9iamVjdHNZJGFyY2hpdmVyVCR0b3ASAAGGoKgHCBMUFRYaIVUkbnVsbNMJCgsMDxJXTlMua2V5c1pOUy5vYmplY3RzViRjbGFzc6INDoACgAOiEBGABIAFgAdccmVsYXRpdmVQYXRoWWFsaWFzRGF0YV8QSC4uLy4uLy4uL0RvY3VtZW50cy9QYXBlcnMvQXJpb2xhLzE5OTUtYSBjYWxsLWJ5LW5lZWQgbGFtYmRhIGNhbGN1bHVzLnBkZtIXCxgZV05TLmRhdGFPEQH8AAAAAAH8AAIAAAxNYWNpbnRvc2ggSEQAAAAAAAAAAAAAAAAAAADNyRVKSCsAAAAGTCMfMTk5NS1hIGNhbGwtYnktbmVlZCBsIzY1MDdGLnBkZgAAAAAAAAAAAAAAAAAAAAAAAAAAAAAAAAAAAAAAAAAAAAZQf812OvxQREYgQ0FSTwADAAQAAAkgAAAAAAAAAAAAAAAAAAAABkFyaW9sYQAQAAgAAM3I+SoAAAARAAgAAM12LOwAAAABABQABkwjAAZMEgAFwYYABcGFAAISKQACAFZNYWNpbnRvc2ggSEQ6VXNlcnM6AFdpbGxlbToARG9jdW1lbnRzOgBQYXBlcnM6AEFyaW9sYToAMTk5NS1hIGNhbGwtYnktbmVlZCBsIzY1MDdGLnBkZgAOAFAAJwAxADkAOQA1AC0AYQAgAGMAYQBsAGwALQBiAHkALQBuAGUAZQBkACAAbABhAG0AYgBkAGEAIABjAGEAbABjAHUAbAB1AHMALgBwAGQAZgAPABoADABNAGEAYwBpAG4AdABvAHMAaAAgAEgARAASAExVc2Vycy9XaWxsZW0vRG9jdW1lbnRzL1BhcGVycy9BcmlvbGEvMTk5NS1hIGNhbGwtYnktbmVlZCBsYW1iZGEgY2FsY3VsdXMucGRmABMAAS8AABUAAgAN//8AAIAG0hscHR5aJGNsYXNzbmFtZVgkY2xhc3Nlc11OU011dGFibGVEYXRhox0fIFZOU0RhdGFYTlNPYmplY3TSGxwiI1xOU0RpY3Rpb25hcnmiIiBfEA9OU0tleWVkQXJjaGl2ZXLRJidUcm9vdIABAAgAEQAaACMALQAyADcAQABGAE0AVQBgAGcAagBsAG4AcQBzAHUAdwCEAI4A2QDeAOYC5gLoAu0C+AMBAw8DEwMaAyMDKAM1AzgDSgNNA1IAAAAAAAACAQAAAAAAAAAoAAAAAAAAAAAAAAAAAAADVA==}}

@article{Ariola-Felleisen-1997,
	Author = {Ariola, Zena M. and Matthias Felleisen},
	Date-Added = {2013-04-15 12:29:43 +0000},
	Date-Modified = {2013-04-15 12:29:43 +0000},
	Journal = {Journal of Functional Programming},
	Keywords = {lambda-calculus, reduction strategies, explicit sharing},
	Pages = {265--301},
	Title = {The Call-By-Need Lambda Calculus},
	Volume = {7},
	Year = {1997},
	Bdsk-File-1 = {YnBsaXN0MDDUAQIDBAUGJCVYJHZlcnNpb25YJG9iamVjdHNZJGFyY2hpdmVyVCR0b3ASAAGGoKgHCBMUFRYaIVUkbnVsbNMJCgsMDxJXTlMua2V5c1pOUy5vYmplY3RzViRjbGFzc6INDoACgAOiEBGABIAFgAdccmVsYXRpdmVQYXRoWWFsaWFzRGF0YV8QSi4uLy4uLy4uL0RvY3VtZW50cy9QYXBlcnMvQXJpb2xhLzE5OTctdGhlIGNhbGwtYnktbmVlZCBsYW1iZGEgY2FsY3VsdXMucGRm0hcLGBlXTlMuZGF0YU8RAgIAAAAAAgIAAgAADE1hY2ludG9zaCBIRAAAAAAAAAAAAAAAAAAAAM3JFUpIKwAAAAZMIx8xOTk3LXRoZSBjYWxsLWJ5LW5lZWQjNjUwODEucGRmAAAAAAAAAAAAAAAAAAAAAAAAAAAAAAAAAAAAAAAAAAAABlCBzXeL5gAAAAAAAAAAAAMABAAACSAAAAAAAAAAAAAAAAAAAAAGQXJpb2xhABAACAAAzcj5KgAAABEACAAAzXd91gAAAAEAFAAGTCMABkwSAAXBhgAFwYUAAhIpAAIAVk1hY2ludG9zaCBIRDpVc2VyczoAV2lsbGVtOgBEb2N1bWVudHM6AFBhcGVyczoAQXJpb2xhOgAxOTk3LXRoZSBjYWxsLWJ5LW5lZWQjNjUwODEucGRmAA4AVAApADEAOQA5ADcALQB0AGgAZQAgAGMAYQBsAGwALQBiAHkALQBuAGUAZQBkACAAbABhAG0AYgBkAGEAIABjAGEAbABjAHUAbAB1AHMALgBwAGQAZgAPABoADABNAGEAYwBpAG4AdABvAHMAaAAgAEgARAASAE5Vc2Vycy9XaWxsZW0vRG9jdW1lbnRzL1BhcGVycy9BcmlvbGEvMTk5Ny10aGUgY2FsbC1ieS1uZWVkIGxhbWJkYSBjYWxjdWx1cy5wZGYAEwABLwAAFQACAA3//wAAgAbSGxwdHlokY2xhc3NuYW1lWCRjbGFzc2VzXU5TTXV0YWJsZURhdGGjHR8gVk5TRGF0YVhOU09iamVjdNIbHCIjXE5TRGljdGlvbmFyeaIiIF8QD05TS2V5ZWRBcmNoaXZlctEmJ1Ryb290gAEACAARABoAIwAtADIANwBAAEYATQBVAGAAZwBqAGwAbgBxAHMAdQB3AIQAjgDbAOAA6ALuAvAC9QMAAwkDFwMbAyIDKwMwAz0DQANSA1UDWgAAAAAAAAIBAAAAAAAAACgAAAAAAAAAAAAAAAAAAANc}}

@inproceedings{Lescanne-1994,
	Author = {P. Lescanne},
	Booktitle = {POPL},
	Date-Added = {2013-04-15 11:45:34 +0000},
	Date-Modified = {2013-04-15 11:45:34 +0000},
	Keywords = {explicit substitution},
	Title = {From lambda-sigma to lambda-upsilon, a journey through calculi of explicit substitutions},
	Year = {1994}}

@inproceedings{Balabonski-2012,
	Author = {Thibaut Balabonski},
	Booktitle = {POPL},
	Date-Added = {2013-04-15 11:36:07 +0000},
	Date-Modified = {2013-04-15 11:36:07 +0000},
	Keywords = {lambda-calculus, graph rewriting, explicit sharing},
	Title = {A Unified Approach to Fully Lazy Sharing},
	Year = {2012},
	Bdsk-File-1 = {YnBsaXN0MDDUAQIDBAUGJCVYJHZlcnNpb25YJG9iamVjdHNZJGFyY2hpdmVyVCR0b3ASAAGGoKgHCBMUFRYaIVUkbnVsbNMJCgsMDxJXTlMua2V5c1pOUy5vYmplY3RzViRjbGFzc6INDoACgAOiEBGABIAFgAdccmVsYXRpdmVQYXRoWWFsaWFzRGF0YV8QVi4uLy4uLy4uL0RvY3VtZW50cy9QYXBlcnMvYmFsYWJvbnNraS8yMDEyLWEgdW5pZmllZCBhcHByb2FjaCB0byBmdWxseSBsYXp5IHNoYXJpbmcucGRm0hcLGBlXTlMuZGF0YU8RAiYAAAAAAiYAAgAADE1hY2ludG9zaCBIRAAAAAAAAAAAAAAAAAAAAM3JFUpIKwAAAAZMMx8yMDEyLWEgdW5pZmllZCBhcHByb2EjNjUwNjcucGRmAAAAAAAAAAAAAAAAAAAAAAAAAAAAAAAAAAAAAAAAAAAABlBnzNAZ4AAAAAAAAAAAAAMABAAACSAAAAAAAAAAAAAAAAAAAAAKYmFsYWJvbnNraQAQAAgAAM3I+SoAAAARAAgAAMzQC9AAAAABABQABkwzAAZMEgAFwYYABcGFAAISKQACAFpNYWNpbnRvc2ggSEQ6VXNlcnM6AFdpbGxlbToARG9jdW1lbnRzOgBQYXBlcnM6AGJhbGFib25za2k6ADIwMTItYSB1bmlmaWVkIGFwcHJvYSM2NTA2Ny5wZGYADgBkADEAMgAwADEAMgAtAGEAIAB1AG4AaQBmAGkAZQBkACAAYQBwAHAAcgBvAGEAYwBoACAAdABvACAAZgB1AGwAbAB5ACAAbABhAHoAeQAgAHMAaABhAHIAaQBuAGcALgBwAGQAZgAPABoADABNAGEAYwBpAG4AdABvAHMAaAAgAEgARAASAFpVc2Vycy9XaWxsZW0vRG9jdW1lbnRzL1BhcGVycy9iYWxhYm9uc2tpLzIwMTItYSB1bmlmaWVkIGFwcHJvYWNoIHRvIGZ1bGx5IGxhenkgc2hhcmluZy5wZGYAEwABLwAAFQACAA3//wAAgAbSGxwdHlokY2xhc3NuYW1lWCRjbGFzc2VzXU5TTXV0YWJsZURhdGGjHR8gVk5TRGF0YVhOU09iamVjdNIbHCIjXE5TRGljdGlvbmFyeaIiIF8QD05TS2V5ZWRBcmNoaXZlctEmJ1Ryb290gAEACAARABoAIwAtADIANwBAAEYATQBVAGAAZwBqAGwAbgBxAHMAdQB3AIQAjgDnAOwA9AMeAyADJQMwAzkDRwNLA1IDWwNgA20DcAOCA4UDigAAAAAAAAIBAAAAAAAAACgAAAAAAAAAAAAAAAAAAAOM}}

@article{Kesner-Lengrand-2007,
	Author = {Delia Kesner and St{\'e}phane Lengrand},
	Date-Added = {2013-04-15 11:30:23 +0000},
	Date-Modified = {2013-04-15 11:30:23 +0000},
	Journal = {Information and Computation},
	Keywords = {lambda-calculus, explicit substitution},
	Number = {4},
	Pages = {419--473},
	Title = {Resource operators for lambda-calculus},
	Volume = {205},
	Year = {2007},
	Bdsk-File-1 = {YnBsaXN0MDDUAQIDBAUGJCVYJHZlcnNpb25YJG9iamVjdHNZJGFyY2hpdmVyVCR0b3ASAAGGoKgHCBMUFRYaIVUkbnVsbNMJCgsMDxJXTlMua2V5c1pOUy5vYmplY3RzViRjbGFzc6INDoACgAOiEBGABIAFgAdccmVsYXRpdmVQYXRoWWFsaWFzRGF0YV8QUC4uLy4uLy4uL0RvY3VtZW50cy9QYXBlcnMvS2VzbmVyLzIwMDctcmVzb3VyY2Ugb3BlcmF0b3JzIGZvciBsYW1iZGEtY2FsY3VsdXMucGRm0hcLGBlXTlMuZGF0YU8RAhQAAAAAAhQAAgAADE1hY2ludG9zaCBIRAAAAAAAAAAAAAAAAAAAAM3JFUpIKwAAAAZM9R8yMDA3LXJlc291cmNlIG9wZXJhdG8jNjRGMDAucGRmAAAAAAAAAAAAAAAAAAAAAAAAAAAAAAAAAAAAAAAAAAAABk8Ay8b10gAAAAAAAAAAAAMABAAACSAAAAAAAAAAAAAAAAAAAAAGS2VzbmVyABAACAAAzcj5KgAAABEACAAAy8bZsgAAAAEAFAAGTPUABkwSAAXBhgAFwYUAAhIpAAIAVk1hY2ludG9zaCBIRDpVc2VyczoAV2lsbGVtOgBEb2N1bWVudHM6AFBhcGVyczoAS2VzbmVyOgAyMDA3LXJlc291cmNlIG9wZXJhdG8jNjRGMDAucGRmAA4AYAAvADIAMAAwADcALQByAGUAcwBvAHUAcgBjAGUAIABvAHAAZQByAGEAdABvAHIAcwAgAGYAbwByACAAbABhAG0AYgBkAGEALQBjAGEAbABjAHUAbAB1AHMALgBwAGQAZgAPABoADABNAGEAYwBpAG4AdABvAHMAaAAgAEgARAASAFRVc2Vycy9XaWxsZW0vRG9jdW1lbnRzL1BhcGVycy9LZXNuZXIvMjAwNy1yZXNvdXJjZSBvcGVyYXRvcnMgZm9yIGxhbWJkYS1jYWxjdWx1cy5wZGYAEwABLwAAFQACAA3//wAAgAbSGxwdHlokY2xhc3NuYW1lWCRjbGFzc2VzXU5TTXV0YWJsZURhdGGjHR8gVk5TRGF0YVhOU09iamVjdNIbHCIjXE5TRGljdGlvbmFyeaIiIF8QD05TS2V5ZWRBcmNoaXZlctEmJ1Ryb290gAEACAARABoAIwAtADIANwBAAEYATQBVAGAAZwBqAGwAbgBxAHMAdQB3AIQAjgDhAOYA7gMGAwgDDQMYAyEDLwMzAzoDQwNIA1UDWANqA20DcgAAAAAAAAIBAAAAAAAAACgAAAAAAAAAAAAAAAAAAAN0}}

@inproceedings{Accattoli-Kesner-2010,
	Author = {Beniamino Accattoli and Delia Kesner},
	Booktitle = {CSL},
	Date-Added = {2013-04-15 11:28:23 +0000},
	Date-Modified = {2013-04-15 13:03:49 +0000},
	Keywords = {lambda-calculus, linear logic, explicit substitution},
	Title = {The structural lambda-calculus},
	Year = {2010},
	Bdsk-File-1 = {YnBsaXN0MDDUAQIDBAUGJCVYJHZlcnNpb25YJG9iamVjdHNZJGFyY2hpdmVyVCR0b3ASAAGGoKgHCBMUFRYaIVUkbnVsbNMJCgsMDxJXTlMua2V5c1pOUy5vYmplY3RzViRjbGFzc6INDoACgAOiEBGABIAFgAdccmVsYXRpdmVQYXRoWWFsaWFzRGF0YV8QSy4uLy4uLy4uL0RvY3VtZW50cy9QYXBlcnMvYWNjYXR0b2xpLzIwMTAtdGhlIHN0cnVjdHVyYWwgbGFtYmRhLWNhbGN1bHVzLnBkZtIXCxgZV05TLmRhdGFPEQIIAAAAAAIIAAIAAAxNYWNpbnRvc2ggSEQAAAAAAAAAAAAAAAAAAADNyRVKSCsAAAAGTBgfMjAxMC10aGUgc3RydWN0dXJhbCBsIzY1MDhDLnBkZgAAAAAAAAAAAAAAAAAAAAAAAAAAAAAAAAAAAAAAAAAAAAZQjMvO+OUAAAAAAAAAAAADAAQAAAkgAAAAAAAAAAAAAAAAAAAACWFjY2F0dG9saQAAEAAIAADNyPkqAAAAEQAIAADLztzFAAAAAQAUAAZMGAAGTBIABcGGAAXBhQACEikAAgBZTWFjaW50b3NoIEhEOlVzZXJzOgBXaWxsZW06AERvY3VtZW50czoAUGFwZXJzOgBhY2NhdHRvbGk6ADIwMTAtdGhlIHN0cnVjdHVyYWwgbCM2NTA4Qy5wZGYAAA4AUAAnADIAMAAxADAALQB0AGgAZQAgAHMAdAByAHUAYwB0AHUAcgBhAGwAIABsAGEAbQBiAGQAYQAtAGMAYQBsAGMAdQBsAHUAcwAuAHAAZABmAA8AGgAMAE0AYQBjAGkAbgB0AG8AcwBoACAASABEABIAT1VzZXJzL1dpbGxlbS9Eb2N1bWVudHMvUGFwZXJzL2FjY2F0dG9saS8yMDEwLXRoZSBzdHJ1Y3R1cmFsIGxhbWJkYS1jYWxjdWx1cy5wZGYAABMAAS8AABUAAgAN//8AAIAG0hscHR5aJGNsYXNzbmFtZVgkY2xhc3Nlc11OU011dGFibGVEYXRhox0fIFZOU0RhdGFYTlNPYmplY3TSGxwiI1xOU0RpY3Rpb25hcnmiIiBfEA9OU0tleWVkQXJjaGl2ZXLRJidUcm9vdIABAAgAEQAaACMALQAyADcAQABGAE0AVQBgAGcAagBsAG4AcQBzAHUAdwCEAI4A3ADhAOkC9QL3AvwDBwMQAx4DIgMpAzIDNwNEA0cDWQNcA2EAAAAAAAACAQAAAAAAAAAoAAAAAAAAAAAAAAAAAAADYw==}}

@article{Abadi-Cardelli-Curien-Levy-1991,
	Author = {Mart{\'\i}n Abadi and Luca Cardelli and Pierre-Louis Curien and Jean-Jacques L{\'e}vy},
	Date-Added = {2013-04-15 11:27:30 +0000},
	Date-Modified = {2013-04-15 11:27:30 +0000},
	Journal = {Journal of Functional Programming},
	Keywords = {explicit substitution, lambda-calculus},
	Number = {4},
	Pages = {375--416},
	Title = {Explicit substitutions},
	Volume = {1},
	Year = {1991}}

@book{Asperti-Guerrini-1998,
	Author = {Andrea Asperti and Stefano Guerrini},
	Date-Added = {2013-04-15 11:17:22 +0000},
	Date-Modified = {2013-04-15 11:17:22 +0000},
	Keywords = {sharing graphs, optimal reduction, functional programming},
	Publisher = {Cambridge University Press},
	Title = {The Optimal Implementation of Functional Programming Languages},
	Year = {1998},
	Bdsk-File-1 = {YnBsaXN0MDDUAQIDBAUGJCVYJHZlcnNpb25YJG9iamVjdHNZJGFyY2hpdmVyVCR0b3ASAAGGoKgHCBMUFRYaIVUkbnVsbNMJCgsMDxJXTlMua2V5c1pOUy5vYmplY3RzViRjbGFzc6INDoACgAOiEBGABIAFgAdccmVsYXRpdmVQYXRoWWFsaWFzRGF0YV8QaS4uLy4uLy4uL0RvY3VtZW50cy9QYXBlcnMvYXNwZXJ0aS8xOTk4LXRoZSBvcHRpbWFsIGltcGxlbWVudGF0aW9uIG9mIGZ1bmN0aW9uYWwgcHJvZ3JhbW1pbmcgbGFuZ3VhZ2VzLnBkZtIXCxgZV05TLmRhdGFPEQJiAAAAAAJiAAIAAAxNYWNpbnRvc2ggSEQAAAAAAAAAAAAAAAAAAADNyRVKSCsAAAAGTCYfMTk5OC10aGUgb3B0aW1hbCBpbXBsIzY1MDc2LnBkZgAAAAAAAAAAAAAAAAAAAAAAAAAAAAAAAAAAAAAAAAAAAAZQds1ns3gAAAAAAAAAAAADAAQAAAkgAAAAAAAAAAAAAAAAAAAAB2FzcGVydGkAABAACAAAzcj5KgAAABEACAAAzWelaAAAAAEAFAAGTCYABkwSAAXBhgAFwYUAAhIpAAIAV01hY2ludG9zaCBIRDpVc2VyczoAV2lsbGVtOgBEb2N1bWVudHM6AFBhcGVyczoAYXNwZXJ0aToAMTk5OC10aGUgb3B0aW1hbCBpbXBsIzY1MDc2LnBkZgAADgCQAEcAMQA5ADkAOAAtAHQAaABlACAAbwBwAHQAaQBtAGEAbAAgAGkAbQBwAGwAZQBtAGUAbgB0AGEAdABpAG8AbgAgAG8AZgAgAGYAdQBuAGMAdABpAG8AbgBhAGwAIABwAHIAbwBnAHIAYQBtAG0AaQBuAGcAIABsAGEAbgBnAHUAYQBnAGUAcwAuAHAAZABmAA8AGgAMAE0AYQBjAGkAbgB0AG8AcwBoACAASABEABIAbVVzZXJzL1dpbGxlbS9Eb2N1bWVudHMvUGFwZXJzL2FzcGVydGkvMTk5OC10aGUgb3B0aW1hbCBpbXBsZW1lbnRhdGlvbiBvZiBmdW5jdGlvbmFsIHByb2dyYW1taW5nIGxhbmd1YWdlcy5wZGYAABMAAS8AABUAAgAN//8AAIAG0hscHR5aJGNsYXNzbmFtZVgkY2xhc3Nlc11OU011dGFibGVEYXRhox0fIFZOU0RhdGFYTlNPYmplY3TSGxwiI1xOU0RpY3Rpb25hcnmiIiBfEA9OU0tleWVkQXJjaGl2ZXLRJidUcm9vdIABAAgAEQAaACMALQAyADcAQABGAE0AVQBgAGcAagBsAG4AcQBzAHUAdwCEAI4A+gD/AQcDbQNvA3QDfwOIA5YDmgOhA6oDrwO8A78D0QPUA9kAAAAAAAACAQAAAAAAAAAoAAAAAAAAAAAAAAAAAAAD2w==}}

@inproceedings{Asperti-Coppola-Martini-2000,
	Author = {Andrea Asperti and Paolo Coppola and Simone Martini},
	Booktitle = {POPL},
	Date-Added = {2013-04-15 11:15:52 +0000},
	Date-Modified = {2013-04-15 13:08:48 +0000},
	Keywords = {sharing graphs, optimal reduction, computational complexity},
	Title = {({O}ptimal) duplication is not elementary recursive},
	Year = {2000},
	Bdsk-File-1 = {YnBsaXN0MDDUAQIDBAUGJCVYJHZlcnNpb25YJG9iamVjdHNZJGFyY2hpdmVyVCR0b3ASAAGGoKgHCBMUFRYaIVUkbnVsbNMJCgsMDxJXTlMua2V5c1pOUy5vYmplY3RzViRjbGFzc6INDoACgAOiEBGABIAFgAdccmVsYXRpdmVQYXRoWWFsaWFzRGF0YV8QXC4uLy4uLy4uL0RvY3VtZW50cy9QYXBlcnMvYXNwZXJ0aS8yMDAwLShvcHRpbWFsKSBkdXBsaWNhdGlvbiBpcyBub3QgZWxlbWVudGFyeSByZWN1cnNpdmUucGRm0hcLGBlXTlMuZGF0YU8RAjoAAAAAAjoAAgAADE1hY2ludG9zaCBIRAAAAAAAAAAAAAAAAAAAAM3JFUpIKwAAAAZMJh8yMDAwLShvcHRpbWFsKSBkdXBsaWMjNjUwNzgucGRmAAAAAAAAAAAAAAAAAAAAAAAAAAAAAAAAAAAAAAAAAAAABlB4zWy0iAAAAAAAAAAAAAMABAAACSAAAAAAAAAAAAAAAAAAAAAHYXNwZXJ0aQAAEAAIAADNyPkqAAAAEQAIAADNbKZ4AAAAAQAUAAZMJgAGTBIABcGGAAXBhQACEikAAgBXTWFjaW50b3NoIEhEOlVzZXJzOgBXaWxsZW06AERvY3VtZW50czoAUGFwZXJzOgBhc3BlcnRpOgAyMDAwLShvcHRpbWFsKSBkdXBsaWMjNjUwNzgucGRmAAAOAHYAOgAyADAAMAAwAC0AKABvAHAAdABpAG0AYQBsACkAIABkAHUAcABsAGkAYwBhAHQAaQBvAG4AIABpAHMAIABuAG8AdAAgAGUAbABlAG0AZQBuAHQAYQByAHkAIAByAGUAYwB1AHIAcwBpAHYAZQAuAHAAZABmAA8AGgAMAE0AYQBjAGkAbgB0AG8AcwBoACAASABEABIAYFVzZXJzL1dpbGxlbS9Eb2N1bWVudHMvUGFwZXJzL2FzcGVydGkvMjAwMC0ob3B0aW1hbCkgZHVwbGljYXRpb24gaXMgbm90IGVsZW1lbnRhcnkgcmVjdXJzaXZlLnBkZgATAAEvAAAVAAIADf//AACABtIbHB0eWiRjbGFzc25hbWVYJGNsYXNzZXNdTlNNdXRhYmxlRGF0YaMdHyBWTlNEYXRhWE5TT2JqZWN00hscIiNcTlNEaWN0aW9uYXJ5oiIgXxAPTlNLZXllZEFyY2hpdmVy0SYnVHJvb3SAAQAIABEAGgAjAC0AMgA3AEAARgBNAFUAYABnAGoAbABuAHEAcwB1AHcAhACOAO0A8gD6AzgDOgM/A0oDUwNhA2UDbAN1A3oDhwOKA5wDnwOkAAAAAAAAAgEAAAAAAAAAKAAAAAAAAAAAAAAAAAAAA6Y=}}

@inproceedings{VanOostrom-VanDeLooij-Zwitserlood-2004,
	Author = {van Oostrom, Vincent and van de Looij, Kees-Jan and Marijn Zwitserlood},
	Booktitle = {Workshop on Algebra and Logic on Programming Systems},
	Date-Added = {2013-04-15 11:13:05 +0000},
	Date-Modified = {2013-04-15 14:06:43 +0000},
	Keywords = {sharing graphs, optimal reduction},
	Title = {Lambdascope: another optimal implementation of the lambda-calculus},
	Year = {2004},
	Bdsk-File-1 = {YnBsaXN0MDDUAQIDBAUGJCVYJHZlcnNpb25YJG9iamVjdHNZJGFyY2hpdmVyVCR0b3ASAAGGoKgHCBMUFRYaIVUkbnVsbNMJCgsMDxJXTlMua2V5c1pOUy5vYmplY3RzViRjbGFzc6INDoACgAOiEBGABIAFgAdccmVsYXRpdmVQYXRoWWFsaWFzRGF0YV8QbS4uLy4uLy4uL0RvY3VtZW50cy9QYXBlcnMvT29zdHJvbS8yMDA0LWxhbWJkYXNjb3BlLiBhbm90aGVyIG9wdGltYWwgaW1wbGVtZW50YXRpb24gb2YgdGhlIGxhbWJkYS1jYWxjdWx1cy5wZGbSFwsYGVdOUy5kYXRhTxECbgAAAAACbgACAAAMTWFjaW50b3NoIEhEAAAAAAAAAAAAAAAAAAAAzckVSkgrAAAABk1bHzIwMDQtbGFtYmRhc2NvcGUuIGFubyM2NEU1Ri5wZGYAAAAAAAAAAAAAAAAAAAAAAAAAAAAAAAAAAAAAAAAAAAAGTl/NbNWEUERGIENBUk8AAwAEAAAJIAAAAAAAAAAAAAAAAAAAAAdPb3N0cm9tAAAQAAgAAM3I+SoAAAARAAgAAM1sx3QAAAABABQABk1bAAZMEgAFwYYABcGFAAISKQACAFdNYWNpbnRvc2ggSEQ6VXNlcnM6AFdpbGxlbToARG9jdW1lbnRzOgBQYXBlcnM6AE9vc3Ryb206ADIwMDQtbGFtYmRhc2NvcGUuIGFubyM2NEU1Ri5wZGYAAA4AmABLADIAMAAwADQALQBsAGEAbQBiAGQAYQBzAGMAbwBwAGUALgAgAGEAbgBvAHQAaABlAHIAIABvAHAAdABpAG0AYQBsACAAaQBtAHAAbABlAG0AZQBuAHQAYQB0AGkAbwBuACAAbwBmACAAdABoAGUAIABsAGEAbQBiAGQAYQAtAGMAYQBsAGMAdQBsAHUAcwAuAHAAZABmAA8AGgAMAE0AYQBjAGkAbgB0AG8AcwBoACAASABEABIAcVVzZXJzL1dpbGxlbS9Eb2N1bWVudHMvUGFwZXJzL09vc3Ryb20vMjAwNC1sYW1iZGFzY29wZS4gYW5vdGhlciBvcHRpbWFsIGltcGxlbWVudGF0aW9uIG9mIHRoZSBsYW1iZGEtY2FsY3VsdXMucGRmAAATAAEvAAAVAAIADf//AACABtIbHB0eWiRjbGFzc25hbWVYJGNsYXNzZXNdTlNNdXRhYmxlRGF0YaMdHyBWTlNEYXRhWE5TT2JqZWN00hscIiNcTlNEaWN0aW9uYXJ5oiIgXxAPTlNLZXllZEFyY2hpdmVy0SYnVHJvb3SAAQAIABEAGgAjAC0AMgA3AEAARgBNAFUAYABnAGoAbABuAHEAcwB1AHcAhACOAP4BAwELA30DfwOEA48DmAOmA6oDsQO6A78DzAPPA+ED5APpAAAAAAAAAgEAAAAAAAAAKAAAAAAAAAAAAAAAAAAAA+s=}}

@inproceedings{Lamping-1990,
	Author = {John Lamping},
	Booktitle = {POPL},
	Date-Added = {2013-04-15 11:12:54 +0000},
	Date-Modified = {2013-04-15 11:12:54 +0000},
	Keywords = {lambda-calculus, optimal reduction, sharing graphs},
	Pages = {16--30},
	Title = {An Algorithm for Optimal Lambda Calculus Reduction},
	Year = {1990},
	Bdsk-File-1 = {YnBsaXN0MDDUAQIDBAUGJCVYJHZlcnNpb25YJG9iamVjdHNZJGFyY2hpdmVyVCR0b3ASAAGGoKgHCBMUFRYaIVUkbnVsbNMJCgsMDxJXTlMua2V5c1pOUy5vYmplY3RzViRjbGFzc6INDoACgAOiEBGABIAFgAdccmVsYXRpdmVQYXRoWWFsaWFzRGF0YV8QXS4uLy4uLy4uL0RvY3VtZW50cy9QYXBlcnMvTGFtcGluZy8xOTkwLWFuIGFsZ29yaXRobSBmb3Igb3B0aW1hbCBsYW1iZGEgY2FsY3VsdXMgcmVkdWN0aW9uLnBkZtIXCxgZV05TLmRhdGFPEQI+AAAAAAI+AAIAAAxNYWNpbnRvc2ggSEQAAAAAAAAAAAAAAAAAAADNyRVKSCsAAAAGTQYfMTk5MC1hbiBhbGdvcml0aG0gZm9yIzY0RUUwLnBkZgAAAAAAAAAAAAAAAAAAAAAAAAAAAAAAAAAAAAAAAAAAAAZO4M0S9NMAAAAAAAAAAAADAAQAAAkgAAAAAAAAAAAAAAAAAAAAB0xhbXBpbmcAABAACAAAzcj5KgAAABEACAAAzRLmwwAAAAEAFAAGTQYABkwSAAXBhgAFwYUAAhIpAAIAV01hY2ludG9zaCBIRDpVc2VyczoAV2lsbGVtOgBEb2N1bWVudHM6AFBhcGVyczoATGFtcGluZzoAMTk5MC1hbiBhbGdvcml0aG0gZm9yIzY0RUUwLnBkZgAADgB4ADsAMQA5ADkAMAAtAGEAbgAgAGEAbABnAG8AcgBpAHQAaABtACAAZgBvAHIAIABvAHAAdABpAG0AYQBsACAAbABhAG0AYgBkAGEAIABjAGEAbABjAHUAbAB1AHMAIAByAGUAZAB1AGMAdABpAG8AbgAuAHAAZABmAA8AGgAMAE0AYQBjAGkAbgB0AG8AcwBoACAASABEABIAYVVzZXJzL1dpbGxlbS9Eb2N1bWVudHMvUGFwZXJzL0xhbXBpbmcvMTk5MC1hbiBhbGdvcml0aG0gZm9yIG9wdGltYWwgbGFtYmRhIGNhbGN1bHVzIHJlZHVjdGlvbi5wZGYAABMAAS8AABUAAgAN//8AAIAG0hscHR5aJGNsYXNzbmFtZVgkY2xhc3Nlc11OU011dGFibGVEYXRhox0fIFZOU0RhdGFYTlNPYmplY3TSGxwiI1xOU0RpY3Rpb25hcnmiIiBfEA9OU0tleWVkQXJjaGl2ZXLRJidUcm9vdIABAAgAEQAaACMALQAyADcAQABGAE0AVQBgAGcAagBsAG4AcQBzAHUAdwCEAI4A7gDzAPsDPQM/A0QDTwNYA2YDagNxA3oDfwOMA48DoQOkA6kAAAAAAAACAQAAAAAAAAAoAAAAAAAAAAAAAAAAAAADqw==}}

@phdthesis{Wadsworth-1971,
	Author = {Wadsworth, Christopher Peter},
	Date-Added = {2013-04-15 11:12:15 +0000},
	Date-Modified = {2013-04-15 11:12:15 +0000},
	Keywords = {lambda-calculus, graph rewriting, explicit sharing},
	School = {University of Oxford},
	Title = {Semantics and Pragmatics of the Lambda-Calculus},
	Year = {1971},
	Bdsk-File-1 = {YnBsaXN0MDDUAQIDBAUGJCVYJHZlcnNpb25YJG9iamVjdHNZJGFyY2hpdmVyVCR0b3ASAAGGoKgHCBMUFRYaIVUkbnVsbNMJCgsMDxJXTlMua2V5c1pOUy5vYmplY3RzViRjbGFzc6INDoACgAOiEBGABIAFgAdccmVsYXRpdmVQYXRoWWFsaWFzRGF0YV8QXC4uLy4uLy4uL0RvY3VtZW50cy9QYXBlcnMvd2Fkc3dvcnRoLzE5NzEtc2VtYW50aWNzIGFuZCBwcmFnbWF0aWNzIG9mIHRoZSBsYW1iZGEtY2FsY3VsdXMucGRm0hcLGBlXTlMuZGF0YU8RAjoAAAAAAjoAAgAADE1hY2ludG9zaCBIRAAAAAAAAAAAAAAAAAAAAM3JFUpIKwAAAAZNwh8xOTcxLXNlbWFudGljcyBhbmQgcHIjNjREQ0QucGRmAAAAAAAAAAAAAAAAAAAAAAAAAAAAAAAAAAAAAAAAAAAABk3NzSSCwQAAAAAAAAAAAAMABAAACSAAAAAAAAAAAAAAAAAAAAAJd2Fkc3dvcnRoAAAQAAgAAM3I+SoAAAARAAgAAM0kdLEAAAABABQABk3CAAZMEgAFwYYABcGFAAISKQACAFlNYWNpbnRvc2ggSEQ6VXNlcnM6AFdpbGxlbToARG9jdW1lbnRzOgBQYXBlcnM6AHdhZHN3b3J0aDoAMTk3MS1zZW1hbnRpY3MgYW5kIHByIzY0RENELnBkZgAADgByADgAMQA5ADcAMQAtAHMAZQBtAGEAbgB0AGkAYwBzACAAYQBuAGQAIABwAHIAYQBnAG0AYQB0AGkAYwBzACAAbwBmACAAdABoAGUAIABsAGEAbQBiAGQAYQAtAGMAYQBsAGMAdQBsAHUAcwAuAHAAZABmAA8AGgAMAE0AYQBjAGkAbgB0AG8AcwBoACAASABEABIAYFVzZXJzL1dpbGxlbS9Eb2N1bWVudHMvUGFwZXJzL3dhZHN3b3J0aC8xOTcxLXNlbWFudGljcyBhbmQgcHJhZ21hdGljcyBvZiB0aGUgbGFtYmRhLWNhbGN1bHVzLnBkZgATAAEvAAAVAAIADf//AACABtIbHB0eWiRjbGFzc25hbWVYJGNsYXNzZXNdTlNNdXRhYmxlRGF0YaMdHyBWTlNEYXRhWE5TT2JqZWN00hscIiNcTlNEaWN0aW9uYXJ5oiIgXxAPTlNLZXllZEFyY2hpdmVy0SYnVHJvb3SAAQAIABEAGgAjAC0AMgA3AEAARgBNAFUAYABnAGoAbABuAHEAcwB1AHcAhACOAO0A8gD6AzgDOgM/A0oDUwNhA2UDbAN1A3oDhwOKA5wDnwOkAAAAAAAAAgEAAAAAAAAAKAAAAAAAAAAAAAAAAAAAA6Y=}}

@article{Tait-1967,
	Author = {Tait, W.W.},
	Date-Added = {2013-04-15 11:10:56 +0000},
	Date-Modified = {2013-04-15 14:05:59 +0000},
	Journal = {The Journal of Symbolic Logic},
	Keywords = {lambda-calculus, strong normalisation},
	Number = {2},
	Pages = {198--212},
	Title = {Intensional Interpretations of Functionals of Finite Type {I}},
	Volume = {32},
	Year = {1967},
	Bdsk-File-1 = {YnBsaXN0MDDUAQIDBAUGJCVYJHZlcnNpb25YJG9iamVjdHNZJGFyY2hpdmVyVCR0b3ASAAGGoKgHCBMUFRYaIVUkbnVsbNMJCgsMDxJXTlMua2V5c1pOUy5vYmplY3RzViRjbGFzc6INDoACgAOiEBGABIAFgAdccmVsYXRpdmVQYXRoWWFsaWFzRGF0YV8QYy4uLy4uLy4uL0RvY3VtZW50cy9QYXBlcnMvdGFpdC8xOTY3LWludGVuc2lvbmFsIGludGVycHJldGF0aW9ucyBvZiBmdW5jdGlvbmFscyBvZiBmaW5pdGUgdHlwZSBpLnBkZtIXCxgZV05TLmRhdGFPEQJOAAAAAAJOAAIAAAxNYWNpbnRvc2ggSEQAAAAAAAAAAAAAAAAAAADNyRVKSCsAAAAGTasfMTk2Ny1pbnRlbnNpb25hbCBpbnRlIzY0REVGLnBkZgAAAAAAAAAAAAAAAAAAAAAAAAAAAAAAAAAAAAAAAAAAAAZN780cWRsAAAAAAAAAAAADAAQAAAkgAAAAAAAAAAAAAAAAAAAABHRhaXQAEAAIAADNyPkqAAAAEQAIAADNHEsLAAAAAQAUAAZNqwAGTBIABcGGAAXBhQACEikAAgBUTWFjaW50b3NoIEhEOlVzZXJzOgBXaWxsZW06AERvY3VtZW50czoAUGFwZXJzOgB0YWl0OgAxOTY3LWludGVuc2lvbmFsIGludGUjNjRERUYucGRmAA4AigBEADEAOQA2ADcALQBpAG4AdABlAG4AcwBpAG8AbgBhAGwAIABpAG4AdABlAHIAcAByAGUAdABhAHQAaQBvAG4AcwAgAG8AZgAgAGYAdQBuAGMAdABpAG8AbgBhAGwAcwAgAG8AZgAgAGYAaQBuAGkAdABlACAAdAB5AHAAZQAgAGkALgBwAGQAZgAPABoADABNAGEAYwBpAG4AdABvAHMAaAAgAEgARAASAGdVc2Vycy9XaWxsZW0vRG9jdW1lbnRzL1BhcGVycy90YWl0LzE5NjctaW50ZW5zaW9uYWwgaW50ZXJwcmV0YXRpb25zIG9mIGZ1bmN0aW9uYWxzIG9mIGZpbml0ZSB0eXBlIGkucGRmAAATAAEvAAAVAAIADf//AACABtIbHB0eWiRjbGFzc25hbWVYJGNsYXNzZXNdTlNNdXRhYmxlRGF0YaMdHyBWTlNEYXRhWE5TT2JqZWN00hscIiNcTlNEaWN0aW9uYXJ5oiIgXxAPTlNLZXllZEFyY2hpdmVy0SYnVHJvb3SAAQAIABEAGgAjAC0AMgA3AEAARgBNAFUAYABnAGoAbABuAHEAcwB1AHcAhACOAPQA+QEBA1MDVQNaA2UDbgN8A4ADhwOQA5UDogOlA7cDugO/AAAAAAAAAgEAAAAAAAAAKAAAAAAAAAAAAAAAAAAAA8E=}}

@inproceedings{Pottinger-1980,
	Author = {G. Pottinger},
	Booktitle = {To H. B. Curry: essays on combinatory logic, lambda calculus and formalism},
	Date-Added = {2013-04-15 11:08:22 +0000},
	Date-Modified = {2013-04-15 14:09:36 +0000},
	Keywords = {lambda-calculus, intersection types, strong normalisation, reducibility},
	Pages = {561--577. Academic Press, London},
	Title = {A type assignment for the strongly normalizable $\lambda$-terms},
	Year = {1980}}

@article{Coppo-DezaniCiancaglini-1980,
	Author = {M. Coppo and M. Dezani-Ciancaglini},
	Date-Added = {2013-04-15 11:02:43 +0000},
	Date-Modified = {2013-04-15 11:02:43 +0000},
	Journal = {Notre Dame Journal of Formal Logic},
	Number = {4},
	Pages = {685--693},
	Title = {An extension of the basic functionality theory for the $\lambda$-calculus},
	Volume = {21},
	Year = {1980}}

@inproceedings{Mellies-1995,
	Author = {Paul-Andr{\'e} Melli{\`e}s},
	Booktitle = {TLCA},
	Date-Added = {2013-04-15 11:00:13 +0000},
	Date-Modified = {2013-04-15 11:00:13 +0000},
	Keywords = {lambda-calculus, explicit substitution, strong normalisation},
	Pages = {328--334},
	Series = {LNCS},
	Title = {Typed lambda-calculi with explicit substitutions may not terminate},
	Volume = {902},
	Year = {1995},
	Bdsk-File-1 = {YnBsaXN0MDDUAQIDBAUGJCVYJHZlcnNpb25YJG9iamVjdHNZJGFyY2hpdmVyVCR0b3ASAAGGoKgHCBMUFRYaIVUkbnVsbNMJCgsMDxJXTlMua2V5c1pOUy5vYmplY3RzViRjbGFzc6INDoACgAOiEBGABIAFgAdccmVsYXRpdmVQYXRoWWFsaWFzRGF0YW8QbgAuAC4ALwAuAC4ALwAuAC4ALwBEAG8AYwB1AG0AZQBuAHQAcwAvAFAAYQBwAGUAcgBzAC8AbQBlAGwAbABpAGUDAABzAC8AMQA5ADkANQAtAHQAeQBwAGUAZAAgAGwAYQBtAGIAZABhAC0AYwBhAGwAYwB1AGwAaQAgAHcAaQB0AGgAIABlAHgAcABsAGkAYwBpAHQAIABzAHUAYgBzAHQAaQB0AHUAdABpAG8AbgBzACAAbQBhAHkAIABuAG8AdAAgAHQAZQByAG0AaQBuAGEAdABlAC4AcABkAGbSFwsYGVdOUy5kYXRhTxECcAAAAAACcAACAAAMTWFjaW50b3NoIEhEAAAAAAAAAAAAAAAAAAAAzckVSkgrAAAABk08HzE5OTUtdHlwZWQgbGFtYmRhLWNhbCM2NEU4QS5wZGYAAAAAAAAAAAAAAAAAAAAAAAAAAAAAAAAAAAAAAAAAAAAGTorNdiIdUERGIENBUk8AAwAEAAAJIAAAAAAAAAAAAAAAAAAAAAdtZWxsaY9zAAAQAAgAAM3I+SoAAAARAAgAAM12FA0AAAABABQABk08AAZMEgAFwYYABcGFAAISKQACAFdNYWNpbnRvc2ggSEQ6VXNlcnM6AFdpbGxlbToARG9jdW1lbnRzOgBQYXBlcnM6AG1lbGxpj3M6ADE5OTUtdHlwZWQgbGFtYmRhLWNhbCM2NEU4QS5wZGYAAA4AmABLADEAOQA5ADUALQB0AHkAcABlAGQAIABsAGEAbQBiAGQAYQAtAGMAYQBsAGMAdQBsAGkAIAB3AGkAdABoACAAZQB4AHAAbABpAGMAaQB0ACAAcwB1AGIAcwB0AGkAdAB1AHQAaQBvAG4AcwAgAG0AYQB5ACAAbgBvAHQAIAB0AGUAcgBtAGkAbgBhAHQAZQAuAHAAZABmAA8AGgAMAE0AYQBjAGkAbgB0AG8AcwBoACAASABEABIAc1VzZXJzL1dpbGxlbS9Eb2N1bWVudHMvUGFwZXJzL21lbGxpZcyAcy8xOTk1LXR5cGVkIGxhbWJkYS1jYWxjdWxpIHdpdGggZXhwbGljaXQgc3Vic3RpdHV0aW9ucyBtYXkgbm90IHRlcm1pbmF0ZS5wZGYAABMAAS8AABUAAgAN//8AAIAG0hscHR5aJGNsYXNzbmFtZVgkY2xhc3Nlc11OU011dGFibGVEYXRhox0fIFZOU0RhdGFYTlNPYmplY3TSGxwiI1xOU0RpY3Rpb25hcnmiIiBfEA9OU0tleWVkQXJjaGl2ZXLRJidUcm9vdIABAAgAEQAaACMALQAyADcAQABGAE0AVQBgAGcAagBsAG4AcQBzAHUAdwCEAI4BbQFyAXoD7gPwA/UEAAQJBBcEGwQiBCsEMAQ9BEAEUgRVBFoAAAAAAAACAQAAAAAAAAAoAAAAAAAAAAAAAAAAAAAEXA==}}

@inproceedings{Hughes-1982,
	Author = {Hughes, R.J.M.},
	Booktitle = {ACM Symposium on Lisp and Functional Programming},
	Date-Added = {2013-04-15 10:59:20 +0000},
	Date-Modified = {2013-04-15 10:59:20 +0000},
	Keywords = {lambda-calculus, explicit sharing, combinatory logic},
	Pages = {1--10},
	Title = {Super-combinators: a new implementation method for applicative languages},
	Year = {1982},
	Bdsk-File-1 = {YnBsaXN0MDDUAQIDBAUGJCVYJHZlcnNpb25YJG9iamVjdHNZJGFyY2hpdmVyVCR0b3ASAAGGoKgHCBMUFRYaIVUkbnVsbNMJCgsMDxJXTlMua2V5c1pOUy5vYmplY3RzViRjbGFzc6INDoACgAOiEBGABIAFgAdccmVsYXRpdmVQYXRoWWFsaWFzRGF0YV8Qci4uLy4uLy4uL0RvY3VtZW50cy9QYXBlcnMvSHVnaGVzLzE5ODItc3VwZXItY29tYmluYXRvcnMuIGEgbmV3IGltcGxlbWVudGF0aW9uIG1ldGhvZCBmb3IgYXBwbGljYXRpdmUgbGFuZ3VhZ2VzLnBkZtIXCxgZV05TLmRhdGFPEQJ6AAAAAAJ6AAIAAAxNYWNpbnRvc2ggSEQAAAAAAAAAAAAAAAAAAADNyRVKSCsAAAAGTOAfMTk4Mi1zdXBlci1jb21iaW5hdG9yIzY0RjMxLnBkZgAAAAAAAAAAAAAAAAAAAAAAAAAAAAAAAAAAAAAAAAAAAAZPMc14vKZQREYgQ0FSTwADAAQAAAkgAAAAAAAAAAAAAAAAAAAABkh1Z2hlcwAQAAgAAM3I+SoAAAARAAgAAM14rpYAAAABABQABkzgAAZMEgAFwYYABcGFAAISKQACAFZNYWNpbnRvc2ggSEQ6VXNlcnM6AFdpbGxlbToARG9jdW1lbnRzOgBQYXBlcnM6AEh1Z2hlczoAMTk4Mi1zdXBlci1jb21iaW5hdG9yIzY0RjMxLnBkZgAOAKQAUQAxADkAOAAyAC0AcwB1AHAAZQByAC0AYwBvAG0AYgBpAG4AYQB0AG8AcgBzAC4AIABhACAAbgBlAHcAIABpAG0AcABsAGUAbQBlAG4AdABhAHQAaQBvAG4AIABtAGUAdABoAG8AZAAgAGYAbwByACAAYQBwAHAAbABpAGMAYQB0AGkAdgBlACAAbABhAG4AZwB1AGEAZwBlAHMALgBwAGQAZgAPABoADABNAGEAYwBpAG4AdABvAHMAaAAgAEgARAASAHZVc2Vycy9XaWxsZW0vRG9jdW1lbnRzL1BhcGVycy9IdWdoZXMvMTk4Mi1zdXBlci1jb21iaW5hdG9ycy4gYSBuZXcgaW1wbGVtZW50YXRpb24gbWV0aG9kIGZvciBhcHBsaWNhdGl2ZSBsYW5ndWFnZXMucGRmABMAAS8AABUAAgAN//8AAIAG0hscHR5aJGNsYXNzbmFtZVgkY2xhc3Nlc11OU011dGFibGVEYXRhox0fIFZOU0RhdGFYTlNPYmplY3TSGxwiI1xOU0RpY3Rpb25hcnmiIiBfEA9OU0tleWVkQXJjaGl2ZXLRJidUcm9vdIABAAgAEQAaACMALQAyADcAQABGAE0AVQBgAGcAagBsAG4AcQBzAHUAdwCEAI4BAwEIARADjgOQA5UDoAOpA7cDuwPCA8sD0APdA+AD8gP1A/oAAAAAAAACAQAAAAAAAAAoAAAAAAAAAAAAAAAAAAAD/A==}}

@inproceedings{Gundersen-Heijltjes-Parigot-2013-LICS,
	Author = {Tom Gundersen and Willem Heijltjes and Michel Parigot},
	Booktitle = {LICS},
	Date-Added = {2013-04-15 10:57:42 +0000},
	Date-Modified = {2013-10-07 20:31:44 +0000},
	Keywords = {explicit sharing, lambda-calculus, deep inference, sharing graphs},
	Title = {Atomic lambda-calculus: a typed lambda-calculus with explicit sharing},
	Year = {2013}}

@inproceedings{Guglielmi-Gundersen-Parigot-2010,
	Author = {Alessio Guglielmi and Tom Gundersen and Michel Parigot},
	Booktitle = {RTA},
	Date-Added = {2013-04-15 10:53:32 +0000},
	Date-Modified = {2013-04-15 10:54:13 +0000},
	Keywords = {deep inference, open deduction},
	Pages = {135--150},
	Title = {A proof calculus which reduces syntactic bureaucracy},
	Year = {2010}}
