%% This BibTeX bibliography file was created using BibDesk.
%% http://bibdesk.sourceforge.net/


%% Created for Willem Heijltjes at 2013-04-15 15:09:36 +0100 


%% Saved with string encoding Unicode (UTF-8) 



@inproceedings{Gundersen-Heijltjes-Parigot-2013-JFLA,
	Author = {Tom Gundersen and Willem Heijltjes and Michel Parigot},
	Booktitle = {Journ{\'e}s Francophones des Langages Applicatifs},
	Date-Added = {2013-04-15 13:46:58 +0000},
	Date-Modified = {2013-04-15 13:46:58 +0000},
	Keywords = {lambda-calculus, explicit sharing, sharing graphs},
	Title = {Un lambda-calcul atomique},
	Year = {2013}}

@book{Krivine-1993,
	Address = {Chichester, UK},
	Author = {Jean-Louis Krivine},
	Date-Added = {2013-04-15 13:44:07 +0000},
	Date-Modified = {2013-04-15 13:44:07 +0000},
	Keywords = {lambda-calculus, strong normalisation, intersection types},
	Publisher = {Ellis Horwood},
	Title = {Lambda-calculus types and models},
	Year = {1993},
	Bdsk-File-1 = {YnBsaXN0MDDUAQIDBAUGJCVYJHZlcnNpb25YJG9iamVjdHNZJGFyY2hpdmVyVCR0b3ASAAGGoKgHCBMUFRYaIVUkbnVsbNMJCgsMDRBWJGNsYXNzV05TLmtleXNaTlMub2JqZWN0c4AHog4PgAKAA6IREoAEgAVccmVsYXRpdmVQYXRoWWFsaWFzRGF0YV8QSC4uLy4uL0RvY3VtZW50cy9QYXBlcnMva3JpdmluZS8xOTkzLWxhbWJkYS1jYWxjdWx1cyB0eXBlcyBhbmQgbW9kZWxzLnBkZtIJFxgZV05TLmRhdGGABk8RAggAAAAAAggAAgAADE1hY2ludG9zaCBIRAAAAAAAAAAAAAAAAAAAAMpA9/xIKwAAADGNTB8xOTkzLWxhbWJkYS1jYWxjdWx1cyMzMThEMkEucGRmAAAAAAAAAAAAAAAAAAAAAAAAAAAAAAAAAAAAAAAAAAAAMY0qzZHBT1BERiBDQVJPAAIABAAACSAAAAAAAAAAAAAAAAAAAAAHa3JpdmluZQAAEAAIAADKQOnsAAAAEQAIAADNkbM/AAAAAQAUADGNTAAG5awABQIHAAUCBgAAvuwAAgBXTWFjaW50b3NoIEhEOlVzZXJzOgBXaWxsZW06AERvY3VtZW50czoAUGFwZXJzOgBrcml2aW5lOgAxOTkzLWxhbWJkYS1jYWxjdWx1cyMzMThEMkEucGRmAAAOAFQAKQAxADkAOQAzAC0AbABhAG0AYgBkAGEALQBjAGEAbABjAHUAbAB1AHMAIAB0AHkAcABlAHMAIABhAG4AZAAgAG0AbwBkAGUAbABzAC4AcABkAGYADwAaAAwATQBhAGMAaQBuAHQAbwBzAGgAIABIAEQAEgBPVXNlcnMvV2lsbGVtL0RvY3VtZW50cy9QYXBlcnMva3JpdmluZS8xOTkzLWxhbWJkYS1jYWxjdWx1cyB0eXBlcyBhbmQgbW9kZWxzLnBkZgAAEwABLwAAFQACAA3//wAA0hscHR5aJGNsYXNzbmFtZVgkY2xhc3Nlc11OU011dGFibGVEYXRhox0fIFZOU0RhdGFYTlNPYmplY3TSGxwiI1xOU0RpY3Rpb25hcnmiIiBfEA9OU0tleWVkQXJjaGl2ZXLRJidUcm9vdIABAAgAEQAaACMALQAyADcAQABGAE0AVABcAGcAaQBsAG4AcABzAHUAdwCEAI4A2QDeAOYA6AL0AvkDBAMNAxsDHwMmAy8DNANBA0QDVgNZA14AAAAAAAACAQAAAAAAAAAoAAAAAAAAAAAAAAAAAAADYA==}}

@book{ProofsAndTypes,
	Author = {Jean-Yves Girard and Yves Lafont and Paul Taylor},
	Date-Added = {2013-04-15 13:34:35 +0000},
	Date-Modified = {2013-04-15 13:34:35 +0000},
	Publisher = {Cambridge University Press},
	Title = {Proofs and Types},
	Year = {1989}}

@inproceedings{Dougherty-Lescanne-2001,
	Author = {D. Dougherty and P. Lescanne},
	Booktitle = {TLCA},
	Date-Added = {2013-04-15 13:25:18 +0000},
	Date-Modified = {2013-04-15 13:25:18 +0000},
	Keywords = {lambda-calculus, explicit substitution, strong normalisation},
	Pages = {121--135},
	Series = {LNCS},
	Title = {Reductions, intersection types and explicit substitutions},
	Volume = {2044},
	Year = {2001}}

@article{DiCosmo-Kesner-Polonovski-2003,
	Author = {Di Cosmo, Roberto and Delia Kesner and Emmanuel Polonovski},
	Date-Added = {2013-04-15 13:01:49 +0000},
	Date-Modified = {2013-04-15 13:01:49 +0000},
	Journal = {MSCS},
	Keywords = {lambda-calculus, explicit substitution, proof nets},
	Title = {Proof Nets and Explicit Substitutions},
	Year = {2003},
	Bdsk-File-1 = {YnBsaXN0MDDUAQIDBAUGJCVYJHZlcnNpb25YJG9iamVjdHNZJGFyY2hpdmVyVCR0b3ASAAGGoKgHCBMUFRYaIVUkbnVsbNMJCgsMDRBWJGNsYXNzV05TLmtleXNaTlMub2JqZWN0c4AHog4PgAKAA6IREoAEgAVccmVsYXRpdmVQYXRoWWFsaWFzRGF0YV8QTi4uLy4uL0RvY3VtZW50cy9QYXBlcnMvZGkgY29zbW8vMjAwMy1wcm9vZiBuZXRzIGFuZCBleHBsaWNpdCBzdWJzdGl0dXRpb25zLnBkZtIJFxgZV05TLmRhdGGABk8RAhgAAAAAAhgAAgAADE1hY2ludG9zaCBIRAAAAAAAAAAAAAAAAAAAAMpA9/xIKwAAAC95pR8yMDAzLXByb29mIG5ldHMgYW5kICMxMkQ0MDIucGRmAAAAAAAAAAAAAAAAAAAAAAAAAAAAAAAAAAAAAAAAAAAAEtQCy8cT4gAAAAAAAAAAAAIABAAACSAAAAAAAAAAAAAAAAAAAAAIZGkgY29zbW8AEAAIAADKQOnsAAAAEQAIAADLxwXSAAAAAQAUAC95pQAG5awABQIHAAUCBgAAvuwAAgBYTWFjaW50b3NoIEhEOlVzZXJzOgBXaWxsZW06AERvY3VtZW50czoAUGFwZXJzOgBkaSBjb3NtbzoAMjAwMy1wcm9vZiBuZXRzIGFuZCAjMTJENDAyLnBkZgAOAF4ALgAyADAAMAAzAC0AcAByAG8AbwBmACAAbgBlAHQAcwAgAGEAbgBkACAAZQB4AHAAbABpAGMAaQB0ACAAcwB1AGIAcwB0AGkAdAB1AHQAaQBvAG4AcwAuAHAAZABmAA8AGgAMAE0AYQBjAGkAbgB0AG8AcwBoACAASABEABIAVVVzZXJzL1dpbGxlbS9Eb2N1bWVudHMvUGFwZXJzL2RpIGNvc21vLzIwMDMtcHJvb2YgbmV0cyBhbmQgZXhwbGljaXQgc3Vic3RpdHV0aW9ucy5wZGYAABMAAS8AABUAAgAN//8AANIbHB0eWiRjbGFzc25hbWVYJGNsYXNzZXNdTlNNdXRhYmxlRGF0YaMdHyBWTlNEYXRhWE5TT2JqZWN00hscIiNcTlNEaWN0aW9uYXJ5oiIgXxAPTlNLZXllZEFyY2hpdmVy0SYnVHJvb3SAAQAIABEAGgAjAC0AMgA3AEAARgBNAFQAXABnAGkAbABuAHAAcwB1AHcAhACOAN8A5ADsAO4DCgMPAxoDIwMxAzUDPANFA0oDVwNaA2wDbwN0AAAAAAAAAgEAAAAAAAAAKAAAAAAAAAAAAAAAAAAAA3Y=}}

@article{David-Guillaume-2001,
	Author = {Rene David and Bruno Guillaume},
	Date-Added = {2013-04-15 12:55:42 +0000},
	Date-Modified = {2013-04-15 12:55:42 +0000},
	Journal = {MSCS},
	Keywords = {lambda-calculus, explicit substitution},
	Number = {1},
	Pages = {169--206},
	Title = {A $\lambda$-calculus with explicit weakening and explicit substitution},
	Volume = {11},
	Year = {2001},
	Bdsk-File-1 = {YnBsaXN0MDDUAQIDBAUGJCVYJHZlcnNpb25YJG9iamVjdHNZJGFyY2hpdmVyVCR0b3ASAAGGoKgHCBMUFRYaIVUkbnVsbNMJCgsMDRBWJGNsYXNzV05TLmtleXNaTlMub2JqZWN0c4AHog4PgAKAA6IREoAEgAVccmVsYXRpdmVQYXRoWWFsaWFzRGF0YV8QbC4uLy4uL0RvY3VtZW50cy9QYXBlcnMvZGF2aWQvMjAwMS1hICRcbGFtYmRhJC1jYWxjdWx1cyB3aXRoIGV4cGxpY2l0IHdlYWtlbmluZyBhbmQgZXhwbGljaXQgc3Vic3RpdHV0aW9uLnBkZtIJFxgZV05TLmRhdGGABk8RAnQAAAAAAnQAAgAADE1hY2ludG9zaCBIRAAAAAAAAAAAAAAAAAAAAMpA9/xIKwAAAAbo2h8yMDAxLWEgJFxsYW1iZGEkLWNhbCMzMTg4REQucGRmAAAAAAAAAAAAAAAAAAAAAAAAAAAAAAAAAAAAAAAAAAAAMYjdzZG2y1BERiBDQVJPAAIABAAACSAAAAAAAAAAAAAAAAAAAAAFRGF2aWQAABAACAAAykDp7AAAABEACAAAzZGouwAAAAEAFAAG6NoABuWsAAUCBwAFAgYAAL7sAAIAVU1hY2ludG9zaCBIRDpVc2VyczoAV2lsbGVtOgBEb2N1bWVudHM6AFBhcGVyczoARGF2aWQ6ADIwMDEtYSAkXGxhbWJkYSQtY2FsIzMxODhERC5wZGYAAA4AoABPADIAMAAwADEALQBhACAAJABcAGwAYQBtAGIAZABhACQALQBjAGEAbABjAHUAbAB1AHMAIAB3AGkAdABoACAAZQB4AHAAbABpAGMAaQB0ACAAdwBlAGEAawBlAG4AaQBuAGcAIABhAG4AZAAgAGUAeABwAGwAaQBjAGkAdAAgAHMAdQBiAHMAdABpAHQAdQB0AGkAbwBuAC4AcABkAGYADwAaAAwATQBhAGMAaQBuAHQAbwBzAGgAIABIAEQAEgBzVXNlcnMvV2lsbGVtL0RvY3VtZW50cy9QYXBlcnMvZGF2aWQvMjAwMS1hICRcbGFtYmRhJC1jYWxjdWx1cyB3aXRoIGV4cGxpY2l0IHdlYWtlbmluZyBhbmQgZXhwbGljaXQgc3Vic3RpdHV0aW9uLnBkZgAAEwABLwAAFQACAA3//wAA0hscHR5aJGNsYXNzbmFtZVgkY2xhc3Nlc11OU011dGFibGVEYXRhox0fIFZOU0RhdGFYTlNPYmplY3TSGxwiI1xOU0RpY3Rpb25hcnmiIiBfEA9OU0tleWVkQXJjaGl2ZXLRJidUcm9vdIABAAgAEQAaACMALQAyADcAQABGAE0AVABcAGcAaQBsAG4AcABzAHUAdwCEAI4A/QECAQoBDAOEA4kDlAOdA6sDrwO2A78DxAPRA9QD5gPpA+4AAAAAAAACAQAAAAAAAAAoAAAAAAAAAAAAAAAAAAAD8A==}}

@unpublished{Ghilezan-Ivetic-Lescanne-Likavec-2011,
	Author = {Silvia Ghilezan and J. Ivet{\'\i}c and P. Lescanne and S. Likavec},
	Date-Added = {2013-04-15 12:48:08 +0000},
	Date-Modified = {2013-04-15 12:48:08 +0000},
	Keywords = {lambda-calculus, explicit substitution, intersection types},
	Note = {arXiv:1112.3455},
	Title = {A journey through resource control lambda calculi and explicit substitution using intersection types},
	Year = {2011},
	Bdsk-File-1 = {YnBsaXN0MDDUAQIDBAUGJCVYJHZlcnNpb25YJG9iamVjdHNZJGFyY2hpdmVyVCR0b3ASAAGGoKgHCBMUFRYaIVUkbnVsbNMJCgsMDRBWJGNsYXNzV05TLmtleXNaTlMub2JqZWN0c4AHog4PgAKAA6IREoAEgAVccmVsYXRpdmVQYXRoWWFsaWFzRGF0YV8QjS4uLy4uL0RvY3VtZW50cy9QYXBlcnMvZ2hpbGV6YW4vMjAxMi1hIGpvdXJuZXkgdGhyb3VnaCByZXNvdXJjZSBjb250cm9sIGxhbWJkYSBjYWxjdWxpIGFuZCBleHBsaWNpdCBzdWJzdGl0dXRpb24gdXNpbmcgaW50ZXJzZWN0aW9uIHR5cGVzLnBkZtIJFxgZV05TLmRhdGGABk8RAtQAAAAAAtQAAgAADE1hY2ludG9zaCBIRAAAAAAAAAAAAAAAAAAAAMpA9/xIKwAAAC93th8yMDEyLWEgam91cm5leSB0aHJvdSMxMkQ0NjcucGRmAAAAAAAAAAAAAAAAAAAAAAAAAAAAAAAAAAAAAAAAAAAAEtRny8cWbgAAAAAAAAAAAAIABAAACSAAAAAAAAAAAAAAAAAAAAAIZ2hpbGV6YW4AEAAIAADKQOnsAAAAEQAIAADLxwheAAAAAQAUAC93tgAG5awABQIHAAUCBgAAvuwAAgBYTWFjaW50b3NoIEhEOlVzZXJzOgBXaWxsZW06AERvY3VtZW50czoAUGFwZXJzOgBnaGlsZXphbjoAMjAxMi1hIGpvdXJuZXkgdGhyb3UjMTJENDY3LnBkZgAOANwAbQAyADAAMQAyAC0AYQAgAGoAbwB1AHIAbgBlAHkAIAB0AGgAcgBvAHUAZwBoACAAcgBlAHMAbwB1AHIAYwBlACAAYwBvAG4AdAByAG8AbAAgAGwAYQBtAGIAZABhACAAYwBhAGwAYwB1AGwAaQAgAGEAbgBkACAAZQB4AHAAbABpAGMAaQB0ACAAcwB1AGIAcwB0AGkAdAB1AHQAaQBvAG4AIAB1AHMAaQBuAGcAIABpAG4AdABlAHIAcwBlAGMAdABpAG8AbgAgAHQAeQBwAGUAcwAuAHAAZABmAA8AGgAMAE0AYQBjAGkAbgB0AG8AcwBoACAASABEABIAlFVzZXJzL1dpbGxlbS9Eb2N1bWVudHMvUGFwZXJzL2doaWxlemFuLzIwMTItYSBqb3VybmV5IHRocm91Z2ggcmVzb3VyY2UgY29udHJvbCBsYW1iZGEgY2FsY3VsaSBhbmQgZXhwbGljaXQgc3Vic3RpdHV0aW9uIHVzaW5nIGludGVyc2VjdGlvbiB0eXBlcy5wZGYAEwABLwAAFQACAA3//wAA0hscHR5aJGNsYXNzbmFtZVgkY2xhc3Nlc11OU011dGFibGVEYXRhox0fIFZOU0RhdGFYTlNPYmplY3TSGxwiI1xOU0RpY3Rpb25hcnmiIiBfEA9OU0tleWVkQXJjaGl2ZXLRJidUcm9vdIABAAgAEQAaACMALQAyADcAQABGAE0AVABcAGcAaQBsAG4AcABzAHUAdwCEAI4BHgEjASsBLQQFBAoEFQQeBCwEMAQ3BEAERQRSBFUEZwRqBG8AAAAAAAACAQAAAAAAAAAoAAAAAAAAAAAAAAAAAAAEcQ==}}

@inproceedings{Ariola-Felleisen-Maraist-Odersky-Wadler-1995,
	Author = {Ariola, Zena M. and Matthias Felleisen and John Maraist and Martin Odersky and Philip Wadler},
	Booktitle = {POPL},
	Date-Added = {2013-04-15 12:30:48 +0000},
	Date-Modified = {2013-04-15 12:30:48 +0000},
	Keywords = {lambda-calculus, explicit sharing, reduction strategies},
	Title = {A Call-By-Need Lambda Calculus},
	Year = {1995},
	Bdsk-File-1 = {YnBsaXN0MDDUAQIDBAUGJCVYJHZlcnNpb25YJG9iamVjdHNZJGFyY2hpdmVyVCR0b3ASAAGGoKgHCBMUFRYaIVUkbnVsbNMJCgsMDRBWJGNsYXNzV05TLmtleXNaTlMub2JqZWN0c4AHog4PgAKAA6IREoAEgAVccmVsYXRpdmVQYXRoWWFsaWFzRGF0YV8QRS4uLy4uL0RvY3VtZW50cy9QYXBlcnMvQXJpb2xhLzE5OTUtYSBjYWxsLWJ5LW5lZWQgbGFtYmRhIGNhbGN1bHVzLnBkZtIJFxgZV05TLmRhdGGABk8RAfwAAAAAAfwAAgAADE1hY2ludG9zaCBIRAAAAAAAAAAAAAAAAAAAAMpA9/xIKwAAAAboVx8xOTk1LWEgY2FsbC1ieS1uZWVkICMyRjk5QTQucGRmAAAAAAAAAAAAAAAAAAAAAAAAAAAAAAAAAAAAAAAAAAAAL5mkzXYs7FBERiBDQVJPAAIABAAACSAAAAAAAAAAAAAAAAAAAAAGQXJpb2xhABAACAAAykDp7AAAABEACAAAzXYs7AAAAAEAFAAG6FcABuWsAAUCBwAFAgYAAL7sAAIAVk1hY2ludG9zaCBIRDpVc2VyczoAV2lsbGVtOgBEb2N1bWVudHM6AFBhcGVyczoAQXJpb2xhOgAxOTk1LWEgY2FsbC1ieS1uZWVkICMyRjk5QTQucGRmAA4AUAAnADEAOQA5ADUALQBhACAAYwBhAGwAbAAtAGIAeQAtAG4AZQBlAGQAIABsAGEAbQBiAGQAYQAgAGMAYQBsAGMAdQBsAHUAcwAuAHAAZABmAA8AGgAMAE0AYQBjAGkAbgB0AG8AcwBoACAASABEABIATFVzZXJzL1dpbGxlbS9Eb2N1bWVudHMvUGFwZXJzL0FyaW9sYS8xOTk1LWEgY2FsbC1ieS1uZWVkIGxhbWJkYSBjYWxjdWx1cy5wZGYAEwABLwAAFQACAA3//wAA0hscHR5aJGNsYXNzbmFtZVgkY2xhc3Nlc11OU011dGFibGVEYXRhox0fIFZOU0RhdGFYTlNPYmplY3TSGxwiI1xOU0RpY3Rpb25hcnmiIiBfEA9OU0tleWVkQXJjaGl2ZXLRJidUcm9vdIABAAgAEQAaACMALQAyADcAQABGAE0AVABcAGcAaQBsAG4AcABzAHUAdwCEAI4A1gDbAOMA5QLlAuoC9QL+AwwDEAMXAyADJQMyAzUDRwNKA08AAAAAAAACAQAAAAAAAAAoAAAAAAAAAAAAAAAAAAADUQ==}}

@article{Ariola-Felleisen-1997,
	Author = {Ariola, Zena M. and Matthias Felleisen},
	Date-Added = {2013-04-15 12:29:43 +0000},
	Date-Modified = {2013-04-15 12:29:43 +0000},
	Journal = {Journal of Functional Programming},
	Keywords = {lambda-calculus, reduction strategies, explicit sharing},
	Pages = {265--301},
	Title = {The Call-By-Need Lambda Calculus},
	Volume = {7},
	Year = {1997},
	Bdsk-File-1 = {YnBsaXN0MDDUAQIDBAUGJCVYJHZlcnNpb25YJG9iamVjdHNZJGFyY2hpdmVyVCR0b3ASAAGGoKgHCBMUFRYaIVUkbnVsbNMJCgsMDRBWJGNsYXNzV05TLmtleXNaTlMub2JqZWN0c4AHog4PgAKAA6IREoAEgAVccmVsYXRpdmVQYXRoWWFsaWFzRGF0YV8QRy4uLy4uL0RvY3VtZW50cy9QYXBlcnMvQXJpb2xhLzE5OTctdGhlIGNhbGwtYnktbmVlZCBsYW1iZGEgY2FsY3VsdXMucGRm0gkXGBlXTlMuZGF0YYAGTxECAgAAAAACAgACAAAMTWFjaW50b3NoIEhEAAAAAAAAAAAAAAAAAAAAykD3/EgrAAAABuhXHzE5OTctdGhlIGNhbGwtYnktbmVlIzJGQjhFRi5wZGYAAAAAAAAAAAAAAAAAAAAAAAAAAAAAAAAAAAAAAAAAAAAvuO/Nd33WAAAAAAAAAAAAAgAEAAAJIAAAAAAAAAAAAAAAAAAAAAZBcmlvbGEAEAAIAADKQOnsAAAAEQAIAADNd33WAAAAAQAUAAboVwAG5awABQIHAAUCBgAAvuwAAgBWTWFjaW50b3NoIEhEOlVzZXJzOgBXaWxsZW06AERvY3VtZW50czoAUGFwZXJzOgBBcmlvbGE6ADE5OTctdGhlIGNhbGwtYnktbmVlIzJGQjhFRi5wZGYADgBUACkAMQA5ADkANwAtAHQAaABlACAAYwBhAGwAbAAtAGIAeQAtAG4AZQBlAGQAIABsAGEAbQBiAGQAYQAgAGMAYQBsAGMAdQBsAHUAcwAuAHAAZABmAA8AGgAMAE0AYQBjAGkAbgB0AG8AcwBoACAASABEABIATlVzZXJzL1dpbGxlbS9Eb2N1bWVudHMvUGFwZXJzL0FyaW9sYS8xOTk3LXRoZSBjYWxsLWJ5LW5lZWQgbGFtYmRhIGNhbGN1bHVzLnBkZgATAAEvAAAVAAIADf//AADSGxwdHlokY2xhc3NuYW1lWCRjbGFzc2VzXU5TTXV0YWJsZURhdGGjHR8gVk5TRGF0YVhOU09iamVjdNIbHCIjXE5TRGljdGlvbmFyeaIiIF8QD05TS2V5ZWRBcmNoaXZlctEmJ1Ryb290gAEACAARABoAIwAtADIANwBAAEYATQBUAFwAZwBpAGwAbgBwAHMAdQB3AIQAjgDYAN0A5QDnAu0C8gL9AwYDFAMYAx8DKAMtAzoDPQNPA1IDVwAAAAAAAAIBAAAAAAAAACgAAAAAAAAAAAAAAAAAAANZ}}

@inproceedings{Lescanne-1994,
	Author = {P. Lescanne},
	Booktitle = {POPL},
	Date-Added = {2013-04-15 11:45:34 +0000},
	Date-Modified = {2013-04-15 11:45:34 +0000},
	Keywords = {explicit substitution},
	Title = {From lambda-sigma to lambda-upsilon, a journey through calculi of explicit substitutions},
	Year = {1994}}

@inproceedings{Balabonski-2012,
	Author = {Thibaut Balabonski},
	Booktitle = {POPL},
	Date-Added = {2013-04-15 11:36:07 +0000},
	Date-Modified = {2013-04-15 11:36:07 +0000},
	Keywords = {lambda-calculus, graph rewriting, explicit sharing},
	Title = {A Unified Approach to Fully Lazy Sharing},
	Year = {2012},
	Bdsk-File-1 = {YnBsaXN0MDDUAQIDBAUGJCVYJHZlcnNpb25YJG9iamVjdHNZJGFyY2hpdmVyVCR0b3ASAAGGoKgHCBMUFRYaIVUkbnVsbNMJCgsMDRBWJGNsYXNzV05TLmtleXNaTlMub2JqZWN0c4AHog4PgAKAA6IREoAEgAVccmVsYXRpdmVQYXRoWWFsaWFzRGF0YV8QUy4uLy4uL0RvY3VtZW50cy9QYXBlcnMvYmFsYWJvbnNraS8yMDEyLWEgdW5pZmllZCBhcHByb2FjaCB0byBmdWxseSBsYXp5IHNoYXJpbmcucGRm0gkXGBlXTlMuZGF0YYAGTxECJgAAAAACJgACAAAMTWFjaW50b3NoIEhEAAAAAAAAAAAAAAAAAAAAykD3/EgrAAAAL3ljHzIwMTItYSB1bmlmaWVkIGFwcHJvIzI2MzU2My5wZGYAAAAAAAAAAAAAAAAAAAAAAAAAAAAAAAAAAAAAAAAAAAAmNWPM0AvQAAAAAAAAAAAAAgAEAAAJIAAAAAAAAAAAAAAAAAAAAApiYWxhYm9uc2tpABAACAAAykDp7AAAABEACAAAzNAL0AAAAAEAFAAveWMABuWsAAUCBwAFAgYAAL7sAAIAWk1hY2ludG9zaCBIRDpVc2VyczoAV2lsbGVtOgBEb2N1bWVudHM6AFBhcGVyczoAYmFsYWJvbnNraToAMjAxMi1hIHVuaWZpZWQgYXBwcm8jMjYzNTYzLnBkZgAOAGQAMQAyADAAMQAyAC0AYQAgAHUAbgBpAGYAaQBlAGQAIABhAHAAcAByAG8AYQBjAGgAIAB0AG8AIABmAHUAbABsAHkAIABsAGEAegB5ACAAcwBoAGEAcgBpAG4AZwAuAHAAZABmAA8AGgAMAE0AYQBjAGkAbgB0AG8AcwBoACAASABEABIAWlVzZXJzL1dpbGxlbS9Eb2N1bWVudHMvUGFwZXJzL2JhbGFib25za2kvMjAxMi1hIHVuaWZpZWQgYXBwcm9hY2ggdG8gZnVsbHkgbGF6eSBzaGFyaW5nLnBkZgATAAEvAAAVAAIADf//AADSGxwdHlokY2xhc3NuYW1lWCRjbGFzc2VzXU5TTXV0YWJsZURhdGGjHR8gVk5TRGF0YVhOU09iamVjdNIbHCIjXE5TRGljdGlvbmFyeaIiIF8QD05TS2V5ZWRBcmNoaXZlctEmJ1Ryb290gAEACAARABoAIwAtADIANwBAAEYATQBUAFwAZwBpAGwAbgBwAHMAdQB3AIQAjgDkAOkA8QDzAx0DIgMtAzYDRANIA08DWANdA2oDbQN/A4IDhwAAAAAAAAIBAAAAAAAAACgAAAAAAAAAAAAAAAAAAAOJ}}

@article{Kesner-Lengrand-2007,
	Author = {Delia Kesner and St{\'e}phane Lengrand},
	Date-Added = {2013-04-15 11:30:23 +0000},
	Date-Modified = {2013-04-15 11:30:23 +0000},
	Journal = {Information and Computation},
	Keywords = {lambda-calculus, explicit substitution},
	Number = {4},
	Pages = {419--473},
	Title = {Resource operators for lambda-calculus},
	Volume = {205},
	Year = {2007},
	Bdsk-File-1 = {YnBsaXN0MDDUAQIDBAUGJCVYJHZlcnNpb25YJG9iamVjdHNZJGFyY2hpdmVyVCR0b3ASAAGGoKgHCBMUFRYaIVUkbnVsbNMJCgsMDRBWJGNsYXNzV05TLmtleXNaTlMub2JqZWN0c4AHog4PgAKAA6IREoAEgAVccmVsYXRpdmVQYXRoWWFsaWFzRGF0YV8QTS4uLy4uL0RvY3VtZW50cy9QYXBlcnMvS2VzbmVyLzIwMDctcmVzb3VyY2Ugb3BlcmF0b3JzIGZvciBsYW1iZGEtY2FsY3VsdXMucGRm0gkXGBlXTlMuZGF0YYAGTxECFAAAAAACFAACAAAMTWFjaW50b3NoIEhEAAAAAAAAAAAAAAAAAAAAykD3/EgrAAAABumJHzIwMDctcmVzb3VyY2Ugb3BlcmF0IzEyQkY5QS5wZGYAAAAAAAAAAAAAAAAAAAAAAAAAAAAAAAAAAAAAAAAAAAASv5rLxufBAAAAAAAAAAAAAgAEAAAJIAAAAAAAAAAAAAAAAAAAAAZLZXNuZXIAEAAIAADKQOnsAAAAEQAIAADLxtmxAAAAAQAUAAbpiQAG5awABQIHAAUCBgAAvuwAAgBWTWFjaW50b3NoIEhEOlVzZXJzOgBXaWxsZW06AERvY3VtZW50czoAUGFwZXJzOgBLZXNuZXI6ADIwMDctcmVzb3VyY2Ugb3BlcmF0IzEyQkY5QS5wZGYADgBgAC8AMgAwADAANwAtAHIAZQBzAG8AdQByAGMAZQAgAG8AcABlAHIAYQB0AG8AcgBzACAAZgBvAHIAIABsAGEAbQBiAGQAYQAtAGMAYQBsAGMAdQBsAHUAcwAuAHAAZABmAA8AGgAMAE0AYQBjAGkAbgB0AG8AcwBoACAASABEABIAVFVzZXJzL1dpbGxlbS9Eb2N1bWVudHMvUGFwZXJzL0tlc25lci8yMDA3LXJlc291cmNlIG9wZXJhdG9ycyBmb3IgbGFtYmRhLWNhbGN1bHVzLnBkZgATAAEvAAAVAAIADf//AADSGxwdHlokY2xhc3NuYW1lWCRjbGFzc2VzXU5TTXV0YWJsZURhdGGjHR8gVk5TRGF0YVhOU09iamVjdNIbHCIjXE5TRGljdGlvbmFyeaIiIF8QD05TS2V5ZWRBcmNoaXZlctEmJ1Ryb290gAEACAARABoAIwAtADIANwBAAEYATQBUAFwAZwBpAGwAbgBwAHMAdQB3AIQAjgDeAOMA6wDtAwUDCgMVAx4DLAMwAzcDQANFA1IDVQNnA2oDbwAAAAAAAAIBAAAAAAAAACgAAAAAAAAAAAAAAAAAAANx}}

@inproceedings{Accattoli-Kesner-2010,
	Author = {Beniamino Accattoli and Delia Kesner},
	Booktitle = {CSL},
	Date-Added = {2013-04-15 11:28:23 +0000},
	Date-Modified = {2013-04-15 13:03:49 +0000},
	Keywords = {lambda-calculus, linear logic, explicit substitution},
	Title = {The structural lambda-calculus},
	Year = {2010},
	Bdsk-File-1 = {YnBsaXN0MDDUAQIDBAUGJCVYJHZlcnNpb25YJG9iamVjdHNZJGFyY2hpdmVyVCR0b3ASAAGGoKgHCBMUFRYaIVUkbnVsbNMJCgsMDRBWJGNsYXNzV05TLmtleXNaTlMub2JqZWN0c4AHog4PgAKAA6IREoAEgAVccmVsYXRpdmVQYXRoWWFsaWFzRGF0YV8QSC4uLy4uL0RvY3VtZW50cy9QYXBlcnMvYWNjYXR0b2xpLzIwMTAtdGhlIHN0cnVjdHVyYWwgbGFtYmRhLWNhbGN1bHVzLnBkZtIJFxgZV05TLmRhdGGABk8RAggAAAAAAggAAgAADE1hY2ludG9zaCBIRAAAAAAAAAAAAAAAAAAAAMpA9/xIKwAAAC95IB8yMDEwLXRoZSBzdHJ1Y3R1cmFsICMxMzA4RjgucGRmAAAAAAAAAAAAAAAAAAAAAAAAAAAAAAAAAAAAAAAAAAAAEwj4y87q1AAAAAAAAAAAAAIABAAACSAAAAAAAAAAAAAAAAAAAAAJYWNjYXR0b2xpAAAQAAgAAMpA6ewAAAARAAgAAMvO3MQAAAABABQAL3kgAAblrAAFAgcABQIGAAC+7AACAFlNYWNpbnRvc2ggSEQ6VXNlcnM6AFdpbGxlbToARG9jdW1lbnRzOgBQYXBlcnM6AGFjY2F0dG9saToAMjAxMC10aGUgc3RydWN0dXJhbCAjMTMwOEY4LnBkZgAADgBQACcAMgAwADEAMAAtAHQAaABlACAAcwB0AHIAdQBjAHQAdQByAGEAbAAgAGwAYQBtAGIAZABhAC0AYwBhAGwAYwB1AGwAdQBzAC4AcABkAGYADwAaAAwATQBhAGMAaQBuAHQAbwBzAGgAIABIAEQAEgBPVXNlcnMvV2lsbGVtL0RvY3VtZW50cy9QYXBlcnMvYWNjYXR0b2xpLzIwMTAtdGhlIHN0cnVjdHVyYWwgbGFtYmRhLWNhbGN1bHVzLnBkZgAAEwABLwAAFQACAA3//wAA0hscHR5aJGNsYXNzbmFtZVgkY2xhc3Nlc11OU011dGFibGVEYXRhox0fIFZOU0RhdGFYTlNPYmplY3TSGxwiI1xOU0RpY3Rpb25hcnmiIiBfEA9OU0tleWVkQXJjaGl2ZXLRJidUcm9vdIABAAgAEQAaACMALQAyADcAQABGAE0AVABcAGcAaQBsAG4AcABzAHUAdwCEAI4A2QDeAOYA6AL0AvkDBAMNAxsDHwMmAy8DNANBA0QDVgNZA14AAAAAAAACAQAAAAAAAAAoAAAAAAAAAAAAAAAAAAADYA==}}

@article{Abadi-Cardelli-Curien-Levy-1991,
	Author = {Mart{\'\i}n Abadi and Luca Cardelli and Pierre-Louis Curien and Jean-Jacques L{\'e}vy},
	Date-Added = {2013-04-15 11:27:30 +0000},
	Date-Modified = {2013-04-15 11:27:30 +0000},
	Journal = {Journal of Functional Programming},
	Keywords = {explicit substitution, lambda-calculus},
	Number = {4},
	Pages = {375--416},
	Title = {Explicit substitutions},
	Volume = {1},
	Year = {1991}}

@book{Asperti-Guerrini-1998,
	Author = {Andrea Asperti and Stefano Guerrini},
	Date-Added = {2013-04-15 11:17:22 +0000},
	Date-Modified = {2013-04-15 11:17:22 +0000},
	Keywords = {sharing graphs, optimal reduction, functional programming},
	Publisher = {Cambridge University Press},
	Title = {The Optimal Implementation of Functional Programming Languages},
	Year = {1998},
	Bdsk-File-1 = {YnBsaXN0MDDUAQIDBAUGJCVYJHZlcnNpb25YJG9iamVjdHNZJGFyY2hpdmVyVCR0b3ASAAGGoKgHCBMUFRYaIVUkbnVsbNMJCgsMDRBWJGNsYXNzV05TLmtleXNaTlMub2JqZWN0c4AHog4PgAKAA6IREoAEgAVccmVsYXRpdmVQYXRoWWFsaWFzRGF0YV8QZi4uLy4uL0RvY3VtZW50cy9QYXBlcnMvYXNwZXJ0aS8xOTk4LXRoZSBvcHRpbWFsIGltcGxlbWVudGF0aW9uIG9mIGZ1bmN0aW9uYWwgcHJvZ3JhbW1pbmcgbGFuZ3VhZ2VzLnBkZtIJFxgZV05TLmRhdGGABk8RAmIAAAAAAmIAAgAADE1hY2ludG9zaCBIRAAAAAAAAAAAAAAAAAAAAMpA9/xIKwAAAC8Ksh8xOTk4LXRoZSBvcHRpbWFsIGltcCMyRUM4MEIucGRmAAAAAAAAAAAAAAAAAAAAAAAAAAAAAAAAAAAAAAAAAAAALsgLzWekYAAAAAAAAAAAAAIABAAACSAAAAAAAAAAAAAAAAAAAAAHYXNwZXJ0aQAAEAAIAADKQOnsAAAAEQAIAADNZ6RgAAAAAQAUAC8KsgAG5awABQIHAAUCBgAAvuwAAgBXTWFjaW50b3NoIEhEOlVzZXJzOgBXaWxsZW06AERvY3VtZW50czoAUGFwZXJzOgBhc3BlcnRpOgAxOTk4LXRoZSBvcHRpbWFsIGltcCMyRUM4MEIucGRmAAAOAJAARwAxADkAOQA4AC0AdABoAGUAIABvAHAAdABpAG0AYQBsACAAaQBtAHAAbABlAG0AZQBuAHQAYQB0AGkAbwBuACAAbwBmACAAZgB1AG4AYwB0AGkAbwBuAGEAbAAgAHAAcgBvAGcAcgBhAG0AbQBpAG4AZwAgAGwAYQBuAGcAdQBhAGcAZQBzAC4AcABkAGYADwAaAAwATQBhAGMAaQBuAHQAbwBzAGgAIABIAEQAEgBtVXNlcnMvV2lsbGVtL0RvY3VtZW50cy9QYXBlcnMvYXNwZXJ0aS8xOTk4LXRoZSBvcHRpbWFsIGltcGxlbWVudGF0aW9uIG9mIGZ1bmN0aW9uYWwgcHJvZ3JhbW1pbmcgbGFuZ3VhZ2VzLnBkZgAAEwABLwAAFQACAA3//wAA0hscHR5aJGNsYXNzbmFtZVgkY2xhc3Nlc11OU011dGFibGVEYXRhox0fIFZOU0RhdGFYTlNPYmplY3TSGxwiI1xOU0RpY3Rpb25hcnmiIiBfEA9OU0tleWVkQXJjaGl2ZXLRJidUcm9vdIABAAgAEQAaACMALQAyADcAQABGAE0AVABcAGcAaQBsAG4AcABzAHUAdwCEAI4A9wD8AQQBBgNsA3EDfAOFA5MDlwOeA6cDrAO5A7wDzgPRA9YAAAAAAAACAQAAAAAAAAAoAAAAAAAAAAAAAAAAAAAD2A==}}

@inproceedings{Asperti-Coppola-Martini-2000,
	Author = {Andrea Asperti and Paolo Coppola and Simone Martini},
	Booktitle = {POPL},
	Date-Added = {2013-04-15 11:15:52 +0000},
	Date-Modified = {2013-04-15 13:08:48 +0000},
	Keywords = {sharing graphs, optimal reduction, computational complexity},
	Title = {({O}ptimal) duplication is not elementary recursive},
	Year = {2000},
	Bdsk-File-1 = {YnBsaXN0MDDUAQIDBAUGJCVYJHZlcnNpb25YJG9iamVjdHNZJGFyY2hpdmVyVCR0b3ASAAGGoKgHCBMUFRYaIVUkbnVsbNMJCgsMDRBWJGNsYXNzV05TLmtleXNaTlMub2JqZWN0c4AHog4PgAKAA6IREoAEgAVccmVsYXRpdmVQYXRoWWFsaWFzRGF0YV8QWS4uLy4uL0RvY3VtZW50cy9QYXBlcnMvYXNwZXJ0aS8yMDAwLShvcHRpbWFsKSBkdXBsaWNhdGlvbiBpcyBub3QgZWxlbWVudGFyeSByZWN1cnNpdmUucGRm0gkXGBlXTlMuZGF0YYAGTxECOgAAAAACOgACAAAMTWFjaW50b3NoIEhEAAAAAAAAAAAAAAAAAAAAykD3/EgrAAAALwqyHzIwMDAtKG9wdGltYWwpIGR1cGxpIzJGMEI5OC5wZGYAAAAAAAAAAAAAAAAAAAAAAAAAAAAAAAAAAAAAAAAAAAAvC5jNbKZmAAAAAAAAAAAAAgAEAAAJIAAAAAAAAAAAAAAAAAAAAAdhc3BlcnRpAAAQAAgAAMpA6ewAAAARAAgAAM1spmYAAAABABQALwqyAAblrAAFAgcABQIGAAC+7AACAFdNYWNpbnRvc2ggSEQ6VXNlcnM6AFdpbGxlbToARG9jdW1lbnRzOgBQYXBlcnM6AGFzcGVydGk6ADIwMDAtKG9wdGltYWwpIGR1cGxpIzJGMEI5OC5wZGYAAA4AdgA6ADIAMAAwADAALQAoAG8AcAB0AGkAbQBhAGwAKQAgAGQAdQBwAGwAaQBjAGEAdABpAG8AbgAgAGkAcwAgAG4AbwB0ACAAZQBsAGUAbQBlAG4AdABhAHIAeQAgAHIAZQBjAHUAcgBzAGkAdgBlAC4AcABkAGYADwAaAAwATQBhAGMAaQBuAHQAbwBzAGgAIABIAEQAEgBgVXNlcnMvV2lsbGVtL0RvY3VtZW50cy9QYXBlcnMvYXNwZXJ0aS8yMDAwLShvcHRpbWFsKSBkdXBsaWNhdGlvbiBpcyBub3QgZWxlbWVudGFyeSByZWN1cnNpdmUucGRmABMAAS8AABUAAgAN//8AANIbHB0eWiRjbGFzc25hbWVYJGNsYXNzZXNdTlNNdXRhYmxlRGF0YaMdHyBWTlNEYXRhWE5TT2JqZWN00hscIiNcTlNEaWN0aW9uYXJ5oiIgXxAPTlNLZXllZEFyY2hpdmVy0SYnVHJvb3SAAQAIABEAGgAjAC0AMgA3AEAARgBNAFQAXABnAGkAbABuAHAAcwB1AHcAhACOAOoA7wD3APkDNwM8A0cDUANeA2IDaQNyA3cDhAOHA5kDnAOhAAAAAAAAAgEAAAAAAAAAKAAAAAAAAAAAAAAAAAAAA6M=}}

@inproceedings{VanOostrom-VanDeLooij-Zwitserlood-2004,
	Author = {van Oostrom, Vincent and van de Looij, Kees-Jan and Marijn Zwitserlood},
	Booktitle = {Workshop on Algebra and Logic on Programming Systems},
	Date-Added = {2013-04-15 11:13:05 +0000},
	Date-Modified = {2013-04-15 14:06:43 +0000},
	Keywords = {sharing graphs, optimal reduction},
	Title = {Lambdascope: another optimal implementation of the lambda-calculus},
	Year = {2004},
	Bdsk-File-1 = {YnBsaXN0MDDUAQIDBAUGJCVYJHZlcnNpb25YJG9iamVjdHNZJGFyY2hpdmVyVCR0b3ASAAGGoKgHCBMUFRYaIVUkbnVsbNMJCgsMDRBWJGNsYXNzV05TLmtleXNaTlMub2JqZWN0c4AHog4PgAKAA6IREoAEgAVccmVsYXRpdmVQYXRoWWFsaWFzRGF0YV8Qai4uLy4uL0RvY3VtZW50cy9QYXBlcnMvT29zdHJvbS8yMDA0LWxhbWJkYXNjb3BlLiBhbm90aGVyIG9wdGltYWwgaW1wbGVtZW50YXRpb24gb2YgdGhlIGxhbWJkYS1jYWxjdWx1cy5wZGbSCRcYGVdOUy5kYXRhgAZPEQJuAAAAAAJuAAIAAAxNYWNpbnRvc2ggSEQAAAAAAAAAAAAAAAAAAADKQPf8SCsAAAAG6hAfMjAwNC1sYW1iZGFzY29wZS4gYW4jMkYxRThFLnBkZgAAAAAAAAAAAAAAAAAAAAAAAAAAAAAAAAAAAAAAAAAAAC8ejs1sx3RQREYgQ0FSTwACAAQAAAkgAAAAAAAAAAAAAAAAAAAAB09vc3Ryb20AABAACAAAykDp7AAAABEACAAAzWzHdAAAAAEAFAAG6hAABuWsAAUCBwAFAgYAAL7sAAIAV01hY2ludG9zaCBIRDpVc2VyczoAV2lsbGVtOgBEb2N1bWVudHM6AFBhcGVyczoAT29zdHJvbToAMjAwNC1sYW1iZGFzY29wZS4gYW4jMkYxRThFLnBkZgAADgCYAEsAMgAwADAANAAtAGwAYQBtAGIAZABhAHMAYwBvAHAAZQAuACAAYQBuAG8AdABoAGUAcgAgAG8AcAB0AGkAbQBhAGwAIABpAG0AcABsAGUAbQBlAG4AdABhAHQAaQBvAG4AIABvAGYAIAB0AGgAZQAgAGwAYQBtAGIAZABhAC0AYwBhAGwAYwB1AGwAdQBzAC4AcABkAGYADwAaAAwATQBhAGMAaQBuAHQAbwBzAGgAIABIAEQAEgBxVXNlcnMvV2lsbGVtL0RvY3VtZW50cy9QYXBlcnMvT29zdHJvbS8yMDA0LWxhbWJkYXNjb3BlLiBhbm90aGVyIG9wdGltYWwgaW1wbGVtZW50YXRpb24gb2YgdGhlIGxhbWJkYS1jYWxjdWx1cy5wZGYAABMAAS8AABUAAgAN//8AANIbHB0eWiRjbGFzc25hbWVYJGNsYXNzZXNdTlNNdXRhYmxlRGF0YaMdHyBWTlNEYXRhWE5TT2JqZWN00hscIiNcTlNEaWN0aW9uYXJ5oiIgXxAPTlNLZXllZEFyY2hpdmVy0SYnVHJvb3SAAQAIABEAGgAjAC0AMgA3AEAARgBNAFQAXABnAGkAbABuAHAAcwB1AHcAhACOAPsBAAEIAQoDfAOBA4wDlQOjA6cDrgO3A7wDyQPMA94D4QPmAAAAAAAAAgEAAAAAAAAAKAAAAAAAAAAAAAAAAAAAA+g=}}

@inproceedings{Lamping-1990,
	Author = {John Lamping},
	Booktitle = {POPL},
	Date-Added = {2013-04-15 11:12:54 +0000},
	Date-Modified = {2013-04-15 11:12:54 +0000},
	Keywords = {lambda-calculus, optimal reduction, sharing graphs},
	Pages = {16--30},
	Title = {An Algorithm for Optimal Lambda Calculus Reduction},
	Year = {1990},
	Bdsk-File-1 = {YnBsaXN0MDDUAQIDBAUGJCVYJHZlcnNpb25YJG9iamVjdHNZJGFyY2hpdmVyVCR0b3ASAAGGoKgHCBMUFRYaIVUkbnVsbNMJCgsMDRBWJGNsYXNzV05TLmtleXNaTlMub2JqZWN0c4AHog4PgAKAA6IREoAEgAVccmVsYXRpdmVQYXRoWWFsaWFzRGF0YV8QWi4uLy4uL0RvY3VtZW50cy9QYXBlcnMvbGFtcGluZy8xOTkwLWFuIGFsZ29yaXRobSBmb3Igb3B0aW1hbCBsYW1iZGEgY2FsY3VsdXMgcmVkdWN0aW9uLnBkZtIJFxgZV05TLmRhdGGABk8RAj4AAAAAAj4AAgAADE1hY2ludG9zaCBIRAAAAAAAAAAAAAAAAAAAAMpA9/xIKwAAAAbpoB8xOTkwLWFuIGFsZ29yaXRobSBmbyMyOUMyRjYucGRmAAAAAAAAAAAAAAAAAAAAAAAAAAAAAAAAAAAAAAAAAAAAKcL2zRLmvQAAAAAAAAAAAAIABAAACSAAAAAAAAAAAAAAAAAAAAAHTGFtcGluZwAAEAAIAADKQOnsAAAAEQAIAADNEua9AAAAAQAUAAbpoAAG5awABQIHAAUCBgAAvuwAAgBXTWFjaW50b3NoIEhEOlVzZXJzOgBXaWxsZW06AERvY3VtZW50czoAUGFwZXJzOgBMYW1waW5nOgAxOTkwLWFuIGFsZ29yaXRobSBmbyMyOUMyRjYucGRmAAAOAHgAOwAxADkAOQAwAC0AYQBuACAAYQBsAGcAbwByAGkAdABoAG0AIABmAG8AcgAgAG8AcAB0AGkAbQBhAGwAIABsAGEAbQBiAGQAYQAgAGMAYQBsAGMAdQBsAHUAcwAgAHIAZQBkAHUAYwB0AGkAbwBuAC4AcABkAGYADwAaAAwATQBhAGMAaQBuAHQAbwBzAGgAIABIAEQAEgBhVXNlcnMvV2lsbGVtL0RvY3VtZW50cy9QYXBlcnMvbGFtcGluZy8xOTkwLWFuIGFsZ29yaXRobSBmb3Igb3B0aW1hbCBsYW1iZGEgY2FsY3VsdXMgcmVkdWN0aW9uLnBkZgAAEwABLwAAFQACAA3//wAA0hscHR5aJGNsYXNzbmFtZVgkY2xhc3Nlc11OU011dGFibGVEYXRhox0fIFZOU0RhdGFYTlNPYmplY3TSGxwiI1xOU0RpY3Rpb25hcnmiIiBfEA9OU0tleWVkQXJjaGl2ZXLRJidUcm9vdIABAAgAEQAaACMALQAyADcAQABGAE0AVABcAGcAaQBsAG4AcABzAHUAdwCEAI4A6wDwAPgA+gM8A0EDTANVA2MDZwNuA3cDfAOJA4wDngOhA6YAAAAAAAACAQAAAAAAAAAoAAAAAAAAAAAAAAAAAAADqA==}}

@phdthesis{Wadsworth-1971,
	Author = {Wadsworth, Christopher Peter},
	Date-Added = {2013-04-15 11:12:15 +0000},
	Date-Modified = {2013-04-15 11:12:15 +0000},
	Keywords = {lambda-calculus, graph rewriting, explicit sharing},
	School = {University of Oxford},
	Title = {Semantics and Pragmatics of the Lambda-Calculus},
	Year = {1971},
	Bdsk-File-1 = {YnBsaXN0MDDUAQIDBAUGJCVYJHZlcnNpb25YJG9iamVjdHNZJGFyY2hpdmVyVCR0b3ASAAGGoKgHCBMUFRYaIVUkbnVsbNMJCgsMDRBWJGNsYXNzV05TLmtleXNaTlMub2JqZWN0c4AHog4PgAKAA6IREoAEgAVccmVsYXRpdmVQYXRoWWFsaWFzRGF0YV8QWS4uLy4uL0RvY3VtZW50cy9QYXBlcnMvd2Fkc3dvcnRoLzE5NzEtc2VtYW50aWNzIGFuZCBwcmFnbWF0aWNzIG9mIHRoZSBsYW1iZGEtY2FsY3VsdXMucGRm0gkXGBlXTlMuZGF0YYAGTxECOgAAAAACOgACAAAMTWFjaW50b3NoIEhEAAAAAAAAAAAAAAAAAAAAykD3/EgrAAAAL5zuHzE5NzEtc2VtYW50aWNzIGFuZCBwIzJCMTQzMC5wZGYAAAAAAAAAAAAAAAAAAAAAAAAAAAAAAAAAAAAAAAAAAAArFDDNJGMUAAAAAAAAAAAAAgAEAAAJIAAAAAAAAAAAAAAAAAAAAAl3YWRzd29ydGgAABAACAAAykDp7AAAABEACAAAzSRjFAAAAAEAFAAvnO4ABuWsAAUCBwAFAgYAAL7sAAIAWU1hY2ludG9zaCBIRDpVc2VyczoAV2lsbGVtOgBEb2N1bWVudHM6AFBhcGVyczoAd2Fkc3dvcnRoOgAxOTcxLXNlbWFudGljcyBhbmQgcCMyQjE0MzAucGRmAAAOAHIAOAAxADkANwAxAC0AcwBlAG0AYQBuAHQAaQBjAHMAIABhAG4AZAAgAHAAcgBhAGcAbQBhAHQAaQBjAHMAIABvAGYAIAB0AGgAZQAgAGwAYQBtAGIAZABhAC0AYwBhAGwAYwB1AGwAdQBzAC4AcABkAGYADwAaAAwATQBhAGMAaQBuAHQAbwBzAGgAIABIAEQAEgBgVXNlcnMvV2lsbGVtL0RvY3VtZW50cy9QYXBlcnMvd2Fkc3dvcnRoLzE5NzEtc2VtYW50aWNzIGFuZCBwcmFnbWF0aWNzIG9mIHRoZSBsYW1iZGEtY2FsY3VsdXMucGRmABMAAS8AABUAAgAN//8AANIbHB0eWiRjbGFzc25hbWVYJGNsYXNzZXNdTlNNdXRhYmxlRGF0YaMdHyBWTlNEYXRhWE5TT2JqZWN00hscIiNcTlNEaWN0aW9uYXJ5oiIgXxAPTlNLZXllZEFyY2hpdmVy0SYnVHJvb3SAAQAIABEAGgAjAC0AMgA3AEAARgBNAFQAXABnAGkAbABuAHAAcwB1AHcAhACOAOoA7wD3APkDNwM8A0cDUANeA2IDaQNyA3cDhAOHA5kDnAOhAAAAAAAAAgEAAAAAAAAAKAAAAAAAAAAAAAAAAAAAA6M=}}

@article{Tait-1967,
	Author = {Tait, W.W.},
	Date-Added = {2013-04-15 11:10:56 +0000},
	Date-Modified = {2013-04-15 14:05:59 +0000},
	Journal = {The Journal of Symbolic Logic},
	Keywords = {lambda-calculus, strong normalisation},
	Number = {2},
	Pages = {198--212},
	Title = {Intensional Interpretations of Functionals of Finite Type {I}},
	Volume = {32},
	Year = {1967},
	Bdsk-File-1 = {YnBsaXN0MDDUAQIDBAUGJCVYJHZlcnNpb25YJG9iamVjdHNZJGFyY2hpdmVyVCR0b3ASAAGGoKgHCBMUFRYaIVUkbnVsbNMJCgsMDRBWJGNsYXNzV05TLmtleXNaTlMub2JqZWN0c4AHog4PgAKAA6IREoAEgAVccmVsYXRpdmVQYXRoWWFsaWFzRGF0YV8QYC4uLy4uL0RvY3VtZW50cy9QYXBlcnMvdGFpdC8xOTY3LWludGVuc2lvbmFsIGludGVycHJldGF0aW9ucyBvZiBmdW5jdGlvbmFscyBvZiBmaW5pdGUgdHlwZSBpLnBkZtIJFxgZV05TLmRhdGGABk8RAk4AAAAAAk4AAgAADE1hY2ludG9zaCBIRAAAAAAAAAAAAAAAAAAAAMpA9/xIKwAAAC+XXx8xOTY3LWludGVuc2lvbmFsIGludCMyQTg5NTYucGRmAAAAAAAAAAAAAAAAAAAAAAAAAAAAAAAAAAAAAAAAAAAAKolWzRxLCwAAAAAAAAAAAAIABAAACSAAAAAAAAAAAAAAAAAAAAAEdGFpdAAQAAgAAMpA6ewAAAARAAgAAM0cSwsAAAABABQAL5dfAAblrAAFAgcABQIGAAC+7AACAFRNYWNpbnRvc2ggSEQ6VXNlcnM6AFdpbGxlbToARG9jdW1lbnRzOgBQYXBlcnM6AHRhaXQ6ADE5NjctaW50ZW5zaW9uYWwgaW50IzJBODk1Ni5wZGYADgCKAEQAMQA5ADYANwAtAGkAbgB0AGUAbgBzAGkAbwBuAGEAbAAgAGkAbgB0AGUAcgBwAHIAZQB0AGEAdABpAG8AbgBzACAAbwBmACAAZgB1AG4AYwB0AGkAbwBuAGEAbABzACAAbwBmACAAZgBpAG4AaQB0AGUAIAB0AHkAcABlACAAaQAuAHAAZABmAA8AGgAMAE0AYQBjAGkAbgB0AG8AcwBoACAASABEABIAZ1VzZXJzL1dpbGxlbS9Eb2N1bWVudHMvUGFwZXJzL3RhaXQvMTk2Ny1pbnRlbnNpb25hbCBpbnRlcnByZXRhdGlvbnMgb2YgZnVuY3Rpb25hbHMgb2YgZmluaXRlIHR5cGUgaS5wZGYAABMAAS8AABUAAgAN//8AANIbHB0eWiRjbGFzc25hbWVYJGNsYXNzZXNdTlNNdXRhYmxlRGF0YaMdHyBWTlNEYXRhWE5TT2JqZWN00hscIiNcTlNEaWN0aW9uYXJ5oiIgXxAPTlNLZXllZEFyY2hpdmVy0SYnVHJvb3SAAQAIABEAGgAjAC0AMgA3AEAARgBNAFQAXABnAGkAbABuAHAAcwB1AHcAhACOAPEA9gD+AQADUgNXA2IDawN5A30DhAONA5IDnwOiA7QDtwO8AAAAAAAAAgEAAAAAAAAAKAAAAAAAAAAAAAAAAAAAA74=}}

@inproceedings{Pottinger-1980,
	Author = {G. Pottinger},
	Booktitle = {To H. B. Curry: essays on combinatory logic, lambda calculus and formalism},
	Date-Added = {2013-04-15 11:08:22 +0000},
	Date-Modified = {2013-04-15 14:09:36 +0000},
	Keywords = {lambda-calculus, intersection types, strong normalisation, reducibility},
	Pages = {561--577. Academic Press, London},
	Title = {A type assignment for the strongly normalizable $\lambda$-terms},
	Year = {1980}}

@article{Coppo-DezaniCiancaglini-1980,
	Author = {M. Coppo and M. Dezani-Ciancaglini},
	Date-Added = {2013-04-15 11:02:43 +0000},
	Date-Modified = {2013-04-15 11:02:43 +0000},
	Journal = {Notre Dame Journal of Formal Logic},
	Number = {4},
	Pages = {685--693},
	Title = {An extension of the basic functionality theory for the $\lambda$-calculus},
	Volume = {21},
	Year = {1980}}

@inproceedings{Mellies-1995,
	Author = {Paul-Andr{\'e} Melli{\`e}s},
	Booktitle = {TLCA},
	Date-Added = {2013-04-15 11:00:13 +0000},
	Date-Modified = {2013-04-15 11:00:13 +0000},
	Keywords = {lambda-calculus, explicit substitution, strong normalisation},
	Pages = {328--334},
	Series = {LNCS},
	Title = {Typed lambda-calculi with explicit substitutions may not terminate},
	Volume = {902},
	Year = {1995},
	Bdsk-File-1 = {YnBsaXN0MDDUAQIDBAUGJCVYJHZlcnNpb25YJG9iamVjdHNZJGFyY2hpdmVyVCR0b3ASAAGGoKgHCBMUFRYaIVUkbnVsbNMJCgsMDRBWJGNsYXNzV05TLmtleXNaTlMub2JqZWN0c4AHog4PgAKAA6IREoAEgAVccmVsYXRpdmVQYXRoWWFsaWFzRGF0YW8QawAuAC4ALwAuAC4ALwBEAG8AYwB1AG0AZQBuAHQAcwAvAFAAYQBwAGUAcgBzAC8AbQBlAGwAbABpAGUDAABzAC8AMQA5ADkANQAtAHQAeQBwAGUAZAAgAGwAYQBtAGIAZABhAC0AYwBhAGwAYwB1AGwAaQAgAHcAaQB0AGgAIABlAHgAcABsAGkAYwBpAHQAIABzAHUAYgBzAHQAaQB0AHUAdABpAG8AbgBzACAAbQBhAHkAIABuAG8AdAAgAHQAZQByAG0AaQBuAGEAdABlAC4AcABkAGbSCRcYGVdOUy5kYXRhgAZPEQJwAAAAAAJwAAIAAAxNYWNpbnRvc2ggSEQAAAAAAAAAAAAAAAAAAADKQPf8SCsAAAAtujUfMTk5NS10eXBlZCBsYW1iZGEtY2EjMkY5NTNFLnBkZgAAAAAAAAAAAAAAAAAAAAAAAAAAAAAAAAAAAAAAAAAAAC+VPs12FA1QREYgQ0FSTwACAAQAAAkgAAAAAAAAAAAAAAAAAAAAB21lbGxpj3MAABAACAAAykDp7AAAABEACAAAzXYUDQAAAAEAFAAtujUABuWsAAUCBwAFAgYAAL7sAAIAV01hY2ludG9zaCBIRDpVc2VyczoAV2lsbGVtOgBEb2N1bWVudHM6AFBhcGVyczoAbWVsbGmPczoAMTk5NS10eXBlZCBsYW1iZGEtY2EjMkY5NTNFLnBkZgAADgCYAEsAMQA5ADkANQAtAHQAeQBwAGUAZAAgAGwAYQBtAGIAZABhAC0AYwBhAGwAYwB1AGwAaQAgAHcAaQB0AGgAIABlAHgAcABsAGkAYwBpAHQAIABzAHUAYgBzAHQAaQB0AHUAdABpAG8AbgBzACAAbQBhAHkAIABuAG8AdAAgAHQAZQByAG0AaQBuAGEAdABlAC4AcABkAGYADwAaAAwATQBhAGMAaQBuAHQAbwBzAGgAIABIAEQAEgBzVXNlcnMvV2lsbGVtL0RvY3VtZW50cy9QYXBlcnMvbWVsbGllzIBzLzE5OTUtdHlwZWQgbGFtYmRhLWNhbGN1bGkgd2l0aCBleHBsaWNpdCBzdWJzdGl0dXRpb25zIG1heSBub3QgdGVybWluYXRlLnBkZgAAEwABLwAAFQACAA3//wAA0hscHR5aJGNsYXNzbmFtZVgkY2xhc3Nlc11OU011dGFibGVEYXRhox0fIFZOU0RhdGFYTlNPYmplY3TSGxwiI1xOU0RpY3Rpb25hcnmiIiBfEA9OU0tleWVkQXJjaGl2ZXLRJidUcm9vdIABAAgAEQAaACMALQAyADcAQABGAE0AVABcAGcAaQBsAG4AcABzAHUAdwCEAI4BZwFsAXQBdgPqA+8D+gQDBBEEFQQcBCUEKgQ3BDoETARPBFQAAAAAAAACAQAAAAAAAAAoAAAAAAAAAAAAAAAAAAAEVg==}}

@inproceedings{Hughes-1982,
	Author = {Hughes, R.J.M.},
	Booktitle = {ACM Symposium on Lisp and Functional Programming},
	Date-Added = {2013-04-15 10:59:20 +0000},
	Date-Modified = {2013-04-15 10:59:20 +0000},
	Keywords = {lambda-calculus, explicit sharing, combinatory logic},
	Pages = {1--10},
	Title = {Super-combinators: a new implementation method for applicative languages},
	Year = {1982},
	Bdsk-File-1 = {YnBsaXN0MDDUAQIDBAUGJCVYJHZlcnNpb25YJG9iamVjdHNZJGFyY2hpdmVyVCR0b3ASAAGGoKgHCBMUFRYaIVUkbnVsbNMJCgsMDRBWJGNsYXNzV05TLmtleXNaTlMub2JqZWN0c4AHog4PgAKAA6IREoAEgAVccmVsYXRpdmVQYXRoWWFsaWFzRGF0YV8Qby4uLy4uL0RvY3VtZW50cy9QYXBlcnMvSHVnaGVzLzE5ODItc3VwZXItY29tYmluYXRvcnMuIGEgbmV3IGltcGxlbWVudGF0aW9uIG1ldGhvZCBmb3IgYXBwbGljYXRpdmUgbGFuZ3VhZ2VzLnBkZtIJFxgZV05TLmRhdGGABk8RAnoAAAAAAnoAAgAADE1hY2ludG9zaCBIRAAAAAAAAAAAAAAAAAAAAMpA9/xIKwAAAAbpZB8xOTgyLXN1cGVyLWNvbWJpbmF0byMyRkM1MzAucGRmAAAAAAAAAAAAAAAAAAAAAAAAAAAAAAAAAAAAAAAAAAAAL8UwzXiullBERiBDQVJPAAIABAAACSAAAAAAAAAAAAAAAAAAAAAGSHVnaGVzABAACAAAykDp7AAAABEACAAAzXiulgAAAAEAFAAG6WQABuWsAAUCBwAFAgYAAL7sAAIAVk1hY2ludG9zaCBIRDpVc2VyczoAV2lsbGVtOgBEb2N1bWVudHM6AFBhcGVyczoASHVnaGVzOgAxOTgyLXN1cGVyLWNvbWJpbmF0byMyRkM1MzAucGRmAA4ApABRADEAOQA4ADIALQBzAHUAcABlAHIALQBjAG8AbQBiAGkAbgBhAHQAbwByAHMALgAgAGEAIABuAGUAdwAgAGkAbQBwAGwAZQBtAGUAbgB0AGEAdABpAG8AbgAgAG0AZQB0AGgAbwBkACAAZgBvAHIAIABhAHAAcABsAGkAYwBhAHQAaQB2AGUAIABsAGEAbgBnAHUAYQBnAGUAcwAuAHAAZABmAA8AGgAMAE0AYQBjAGkAbgB0AG8AcwBoACAASABEABIAdlVzZXJzL1dpbGxlbS9Eb2N1bWVudHMvUGFwZXJzL0h1Z2hlcy8xOTgyLXN1cGVyLWNvbWJpbmF0b3JzLiBhIG5ldyBpbXBsZW1lbnRhdGlvbiBtZXRob2QgZm9yIGFwcGxpY2F0aXZlIGxhbmd1YWdlcy5wZGYAEwABLwAAFQACAA3//wAA0hscHR5aJGNsYXNzbmFtZVgkY2xhc3Nlc11OU011dGFibGVEYXRhox0fIFZOU0RhdGFYTlNPYmplY3TSGxwiI1xOU0RpY3Rpb25hcnmiIiBfEA9OU0tleWVkQXJjaGl2ZXLRJidUcm9vdIABAAgAEQAaACMALQAyADcAQABGAE0AVABcAGcAaQBsAG4AcABzAHUAdwCEAI4BAAEFAQ0BDwONA5IDnQOmA7QDuAO/A8gDzQPaA90D7wPyA/cAAAAAAAACAQAAAAAAAAAoAAAAAAAAAAAAAAAAAAAD+Q==}}

@inproceedings{Gundersen-Heijltjes-Parigot-2013-LICS,
	Author = {Tom Gundersen and Willem Heijltjes and Michel Parigot},
	Booktitle = {LICS},
	Date-Added = {2013-04-15 10:57:42 +0000},
	Date-Modified = {2013-04-15 10:58:10 +0000},
	Keywords = {explicit sharing, lambda-calculus, deep inference, sharing graphs},
	Note = {To appear},
	Title = {Atomic lambda-calculus: a typed lambda-calculus with explicit sharing},
	Year = {2013}}

@inproceedings{Guglielmi-Gundersen-Parigot-2010,
	Author = {Alessio Guglielmi and Tom Gundersen and Michel Parigot},
	Booktitle = {RTA},
	Date-Added = {2013-04-15 10:53:32 +0000},
	Date-Modified = {2013-04-15 10:54:13 +0000},
	Keywords = {deep inference, open deduction},
	Pages = {135--150},
	Title = {A proof calculus which reduces syntactic bureaucracy},
	Year = {2010}}
